<?xml version="1.0" encoding="UTF-8"?>
<!DOCTYPE html PUBLIC "-//W3C//DTD XHTML 1.0 Transitional//EN"
    "http://www.w3.org/TR/xhtml1/DTD/xhtml1-transitional.dtd">
<html xmlns="http://www.w3.org/1999/xhtml" xml:lang="en" lang="en">
 <head>
  <title>
</title>
<meta http-equiv="Content-Type" content="text/html;charset=utf-8" />
  <meta name='ocr-system' content='tesseract 3.04.00' />
  <meta name='ocr-capabilities' content='ocr_page ocr_carea ocr_par ocr_line ocrx_word'/>
</head>
<body>
  <div class='ocr_page' id='page_1' title='image "./factorumdictoru00maxigoog_0098.png"; bbox 0 0 3108 4894; ppageno 0'>
   <div class='ocr_carea' id='block_1_1' title="bbox 600 402 1310 482">
    <p class='ocr_par' dir='ltr' id='par_1_1' title="bbox 600 402 1310 482">
     <span class='ocr_line' id='line_1_1' title="bbox 600 402 1310 482; baseline 0.014 -10"><span class='ocrx_word' id='word_1_1' title='bbox 600 419 920 478; x_wconf 75' lang='lat' dir='ltr'><strong>uaersnu&#39;smuus.</strong></span> <span class='ocrx_word' id='word_1_2' title='bbox 1262 402 1310 482; x_wconf 69' lang='lat'><strong>8⁵</strong></span> 
     </span>
    </p>
   </div>
   <div class='ocr_carea' id='block_1_2' title="bbox 177 559 1308 3681">
    <p class='ocr_par' dir='ltr' id='par_1_2' title="bbox 177 559 1308 3681">
     <span class='ocr_line' id='line_1_2' title="bbox 207 559 1307 638; baseline 0.013 -27"><span class='ocrx_word' id='word_1_3' title='bbox 207 559 468 626; x_wconf 72' lang='lat' dir='ltr'><strong>liieqnoconceesuae</strong></span> <span class='ocrx_word' id='word_1_4' title='bbox 485 565 576 631; x_wconf 83' lang='lat' dir='ltr'><strong>primis</strong></span> <span class='ocrx_word' id='word_1_5' title='bbox 588 568 658 618; x_wconf 88' lang='lat' dir='ltr'><strong>enim</strong></span> <span class='ocrx_word' id='word_1_6' title='bbox 669 576 735 620; x_wconf 88' lang='lat' dir='ltr'><strong>tem·</strong></span> <span class='ocrx_word' id='word_1_7' title='bbox 776 569 910 635; x_wconf 83' lang='lat' dir='ltr'><strong>militibus,</strong></span> <span class='ocrx_word' id='word_1_8' title='bbox 926 569 983 638; x_wconf 79' lang='lat' dir='ltr'><strong>quis</strong></span> <span class='ocrx_word' id='word_1_9' title='bbox 1004 571 1154 634; x_wconf 80' lang='lat' dir='ltr'><strong>comitetur,</strong></span> <span class='ocrx_word' id='word_1_10' title='bbox 1174 577 1203 623; x_wconf 90' lang='lat' dir='ltr'><strong>et</strong></span> <span class='ocrx_word' id='word_1_11' title='bbox 1218 573 1269 624; x_wconf 81' lang='lat' dir='ltr'><strong>elie</strong></span> <span class='ocrx_word' id='word_1_12' title='bbox 1279 575 1307 625; x_wconf 92' lang='lat' dir='ltr'><strong>id</strong></span> 
     </span>
     <span class='ocr_line' id='line_1_3' title="bbox 206 641 1308 716; baseline 0.011 -26"><span class='ocrx_word' id='word_1_13' title='bbox 206 641 316 702; x_wconf 87' lang='lat' dir='ltr'><strong>poribus</strong></span> <span class='ocrx_word' id='word_1_14' title='bbox 326 644 430 692; x_wconf 85' lang='lat' dir='ltr'><strong>solenne</strong></span> <span class='ocrx_word' id='word_1_15' title='bbox 441 641 501 704; x_wconf 82' lang='lat' dir='ltr'><strong>fnit,</strong></span> <span class='ocrx_word' id='word_1_16' title='bbox 518 657 605 696; x_wconf 76' lang='lat' dir='ltr'><strong>eorm</strong></span> <span class='ocrx_word' id='word_1_17' title='bbox 617 646 660 711; x_wconf 92' lang='lat' dir='ltr'><strong>qui</strong></span> <span class='ocrx_word' id='word_1_18' title='bbox 679 647 736 698; x_wconf 87' lang='lat' dir='ltr'><strong>eine</strong></span> <span class='ocrx_word' id='word_1_19' title='bbox 776 649 915 713; x_wconf 71' lang='lat' dir='ltr'><strong>genus,rel</strong></span> <span class='ocrx_word' id='word_1_20' title='bbox 927 649 1109 712; x_wconf 71' lang='lat' dir='ltr'><strong>prograritete</strong></span> <span class='ocrx_word' id='word_1_21' title='bbox 1118 649 1180 700; x_wconf 89' lang='lat' dir='ltr'><strong>belli</strong></span> <span class='ocrx_word' id='word_1_22' title='bbox 1188 651 1308 716; x_wconf 75' lang='lat' dir='ltr'><strong>gerendi,</strong></span> 
     </span>
     <span class='ocr_line' id='line_1_4' title="bbox 206 717 1304 788; baseline 0.012 -22"><span class='ocrx_word' id='word_1_23' title='bbox 206 717 364 780; x_wconf 77' lang='lat' dir='ltr'><strong>bleqiettetu</strong></span> <span class='ocrx_word' id='word_1_24' title='bbox 375 725 403 768; x_wconf 89' lang='lat' dir='ltr'><strong>et</strong></span> <span class='ocrx_word' id='word_1_25' title='bbox 413 720 535 783; x_wconf 85' lang='lat' dir='ltr'><strong>anaplciie</strong></span> <span class='ocrx_word' id='word_1_26' title='bbox 547 721 679 786; x_wconf 81' lang='lat' dir='ltr'><strong>vicissent,</strong></span> <span class='ocrx_word' id='word_1_27' title='bbox 689 723 735 773; x_wconf 86' lang='lat' dir='ltr'><strong>tri·</strong></span> <span class='ocrx_word' id='word_1_28' title='bbox 776 725 817 773; x_wconf 87' lang='lat' dir='ltr'><strong>rei</strong></span> <span class='ocrx_word' id='word_1_29' title='bbox 828 739 876 788; x_wconf 84' lang='lat' dir='ltr'><strong>pro</strong></span> <span class='ocrx_word' id='word_1_30' title='bbox 897 723 1035 788; x_wconf 77' lang='lat' dir='ltr'>dignitate,</span> <span class='ocrx_word' id='word_1_31' title='bbox 1058 724 1113 775; x_wconf 81' lang='lat' dir='ltr'><strong>aire</strong></span> <span class='ocrx_word' id='word_1_32' title='bbox 1135 725 1304 779; x_wconf 82' lang='lat' dir='ltr'><strong>Proconsulie</strong></span> 
     </span>
     <span class='ocr_line' id='line_1_5' title="bbox 205 794 1308 865; baseline 0.01 -23"><span class='ocrx_word' id='word_1_33' title='bbox 205 794 330 858; x_wconf 86' lang='lat' dir='ltr'><strong>umpbare</strong></span> <span class='ocrx_word' id='word_1_34' title='bbox 357 795 492 844; x_wconf 85' lang='lat' dir='ltr'><strong>neminem.</strong></span> <span class='ocrx_word' id='word_1_35' title='bbox 533 811 570 847; x_wconf 87' lang='lat' dir='ltr'><strong>rr.</strong></span> <span class='ocrx_word' id='word_1_36' title='bbox 596 797 656 846; x_wconf 81' lang='lat' dir='ltr'><strong>Non</strong></span> <span class='ocrx_word' id='word_1_37' title='bbox 676 799 735 861; x_wconf 87' lang='lat' dir='ltr'><strong>erit,</strong></span> <span class='ocrx_word' id='word_1_38' title='bbox 776 801 828 849; x_wconf 88' lang='lat' dir='ltr'><strong>sire</strong></span> <span class='ocrx_word' id='word_1_39' title='bbox 844 799 1026 862; x_wconf 77' lang='lat' dir='ltr'><strong>Propretoria,</strong></span> <span class='ocrx_word' id='word_1_40' title='bbox 1049 800 1125 850; x_wconf 89' lang='lat' dir='ltr'><strong>modo</strong></span> <span class='ocrx_word' id='word_1_41' title='bbox 1143 801 1244 865; x_wconf 85' lang='lat' dir='ltr'><strong>majore</strong></span> <span class='ocrx_word' id='word_1_42' title='bbox 1256 819 1308 854; x_wconf 86' lang='grc' dir='ltr'><strong>ιιιο-</strong></span> 
     </span>
     <span class='ocr_line' id='line_1_6' title="bbox 205 870 1305 936; baseline 0.012 -19"><span class='ocrx_word' id='word_1_43' title='bbox 205 870 441 933; x_wconf 87' lang='lat' dir='ltr'><strong>opinor‚elienum,</strong></span> <span class='ocrx_word' id='word_1_44' title='bbox 456 871 518 936; x_wconf 90' lang='lat' dir='ltr'><strong>quid</strong></span> <span class='ocrx_word' id='word_1_45' title='bbox 531 879 687 935; x_wconf 80' lang='lat' dir='ltr'><strong>potestatem</strong></span> <span class='ocrx_word' id='word_1_46' title='bbox 699 874 735 922; x_wconf 89' lang='lat' dir='ltr'><strong>in·</strong></span> <span class='ocrx_word' id='word_1_47' title='bbox 777 875 811 926; x_wconf 91' lang='lat' dir='ltr'><strong>do</strong></span> <span class='ocrx_word' id='word_1_48' title='bbox 829 877 928 924; x_wconf 82' lang='lat' dir='ltr'><strong>minore</strong></span> <span class='ocrx_word' id='word_1_49' title='bbox 955 875 1184 926; x_wconf 75' lang='lat' dir='ltr'>decernebantur:</span> <span class='ocrx_word' id='word_1_50' title='bbox 1214 879 1305 930; x_wconf 81' lang='lat' dir='ltr'><strong>eedem</strong></span> 
     </span>
     <span class='ocr_line' id='line_1_7' title="bbox 204 945 1304 1016; baseline 0.014 -24"><span class='ocrx_word' id='word_1_51' title='bbox 204 951 247 993; x_wconf 90' lang='lat' dir='ltr'><strong>ter</strong></span> <span class='ocrx_word' id='word_1_52' title='bbox 258 954 284 993; x_wconf 88' lang='lat' dir='ltr'><strong>et</strong></span> <span class='ocrx_word' id='word_1_53' title='bbox 292 945 436 1008; x_wconf 87' lang='lat' dir='ltr'><strong>imperium,</strong></span> <span class='ocrx_word' id='word_1_54' title='bbox 445 948 627 1011; x_wconf 74' lang='lat' dir='ltr'><strong>blsgistretum</strong></span> <span class='ocrx_word' id='word_1_55' title='bbox 635 957 662 998; x_wconf 91' lang='lat' dir='ltr'><strong>et</strong></span> <span class='ocrx_word' id='word_1_56' title='bbox 671 950 736 1000; x_wconf 82' lang='lat' dir='ltr'><strong>Pro·</strong></span> <span class='ocrx_word' id='word_1_57' title='bbox 776 955 846 1002; x_wconf 86' lang='lat' dir='ltr'><strong>enirn</strong></span> <span class='ocrx_word' id='word_1_58' title='bbox 860 954 1028 1016; x_wconf 74' lang='lat' dir='ltr'><strong>l’ropretnris</strong></span> <span class='ocrx_word' id='word_1_59' title='bbox 1039 967 1070 1003; x_wconf 86' lang='lat' dir='ltr'><strong>ec</strong></span> <span class='ocrx_word' id='word_1_60' title='bbox 1087 953 1251 1016; x_wconf 78' lang='lat' dir='ltr'><strong>Proconsulis</strong></span> <span class='ocrx_word' id='word_1_61' title='bbox 1263 973 1304 1007; x_wconf 87' lang='lat' dir='ltr'><strong>or·</strong></span> 
     </span>
     <span class='ocr_line' id='line_1_8' title="bbox 203 1021 1304 1090; baseline 0.016 -22"><span class='ocrx_word' id='word_1_62' title='bbox 203 1021 736 1088; x_wconf 57' lang='lat' dir='ltr'><strong>consulatuminterfueritadmouerepau·</strong></span> <span class='ocrx_word' id='word_1_63' title='bbox 775 1033 913 1090; x_wconf 66' lang='lat' dir='ltr'><strong>ueniente}</strong></span> <span class='ocrx_word' id='word_1_64' title='bbox 925 1036 1010 1079; x_wconf 85' lang='lat' dir='ltr'><strong>temen</strong></span> <span class='ocrx_word' id='word_1_65' title='bbox 1022 1030 1188 1081; x_wconf 84' lang='lat' dir='ltr'><strong>Proconsulis</strong></span> <span class='ocrx_word' id='word_1_66' title='bbox 1198 1036 1304 1086; x_wconf 85' lang='lat' dir='ltr'><strong>comita·</strong></span> 
     </span>
     <span class='ocr_line' id='line_1_9' title="bbox 203 1095 1303 1174; baseline 0.016 -30"><span class='ocrx_word' id='word_1_67' title='bbox 203 1095 249 1144; x_wconf 88' lang='lat' dir='ltr'><strong>cia.</strong></span> <span class='ocrx_word' id='word_1_68' title='bbox 284 1097 405 1145; x_wconf 77' lang='lat' dir='ltr'><strong>Potentes</strong></span> <span class='ocrx_word' id='word_1_69' title='bbox 416 1097 449 1146; x_wconf 85' lang='lat' dir='ltr'><strong>ed</strong></span> <span class='ocrx_word' id='word_1_70' title='bbox 468 1099 513 1162; x_wconf 78' lang='lat' dir='ltr'><strong>Jus</strong></span> <span class='ocrx_word' id='word_1_71' title='bbox 536 1098 684 1161; x_wconf 86' lang='lat' dir='ltr'><strong>dicendum,</strong></span> <span class='ocrx_word' id='word_1_72' title='bbox 702 1101 734 1149; x_wconf 81' lang='lat' dir='ltr'><strong>ed</strong></span> <span class='ocrx_word' id='word_1_73' title='bbox 775 1105 943 1168; x_wconf 84' lang='lat' dir='ltr'><strong>tusnobilior,</strong></span> <span class='ocrx_word' id='word_1_74' title='bbox 951 1105 1080 1156; x_wconf 86' lang='lat' dir='ltr'><strong>robustior</strong></span> <span class='ocrx_word' id='word_1_75' title='bbox 1089 1109 1229 1174; x_wconf 79' lang='lat' dir='ltr'><strong>exereitus,</strong></span> <span class='ocrx_word' id='word_1_76' title='bbox 1240 1111 1303 1162; x_wconf 86' lang='lat' dir='ltr'><strong>Pro·</strong></span> 
     </span>
     <span class='ocr_line' id='line_1_10' title="bbox 201 1170 1303 1250; baseline 0.021 -33"><span class='ocrx_word' id='word_1_77' title='bbox 201 1170 330 1234; x_wconf 74' lang='lat' dir='ltr'><strong>exigenda</strong></span> <span class='ocrx_word' id='word_1_78' title='bbox 349 1173 494 1236; x_wconf 74' lang='lat' dir='ltr'><strong>vectigalis,</strong></span> <span class='ocrx_word' id='word_1_79' title='bbox 514 1173 547 1223; x_wconf 82' lang='lat' dir='ltr'><strong>ed</strong></span> <span class='ocrx_word' id='word_1_80' title='bbox 564 1174 733 1226; x_wconf 75' lang='lat' dir='ltr'><strong>ordinandam</strong></span> <span class='ocrx_word' id='word_1_81' title='bbox 774 1182 860 1231; x_wconf 76' lang='lat' dir='ltr'><strong>vincis</strong></span> <span class='ocrx_word' id='word_1_82' title='bbox 881 1183 985 1244; x_wconf 76' lang='lat' dir='ltr'><strong>clarior,</strong></span> <span class='ocrx_word' id='word_1_83' title='bbox 1003 1183 1097 1233; x_wconf 81' lang='lat' dir='ltr'><strong>bellurn</strong></span> <span class='ocrx_word' id='word_1_84' title='bbox 1120 1187 1233 1250; x_wconf 76' lang='lat' dir='ltr'><strong>gravius,</strong></span> <span class='ocrx_word' id='word_1_85' title='bbox 1258 1190 1303 1240; x_wconf 88' lang='lat' dir='ltr'><strong>iio·</strong></span> 
     </span>
     <span class='ocr_line' id='line_1_11' title="bbox 203 1245 1304 1327; baseline 0.02 -34"><span class='ocrx_word' id='word_1_86' title='bbox 203 1245 260 1295; x_wconf 88' lang='lat' dir='ltr'><strong>rire</strong></span> <span class='ocrx_word' id='word_1_87' title='bbox 270 1247 374 1309; x_wconf 85' lang='lat' dir='ltr'><strong>urbem,</strong></span> <span class='ocrx_word' id='word_1_88' title='bbox 385 1249 440 1297; x_wconf 85' lang='lat' dir='ltr'><strong>sire</strong></span> <span class='ocrx_word' id='word_1_89' title='bbox 456 1249 638 1311; x_wconf 66' lang='lat' dir='ltr'><strong>Prouinciam</strong></span> <span class='ocrx_word' id='word_1_90' title='bbox 654 1250 734 1313; x_wconf 82' lang='lat' dir='ltr'><strong>impe·</strong></span> <span class='ocrx_word' id='word_1_91' title='bbox 774 1263 844 1307; x_wconf 86' lang='lat' dir='ltr'><strong>tores</strong></span> <span class='ocrx_word' id='word_1_92' title='bbox 855 1258 1002 1322; x_wconf 78' lang='lat' dir='ltr'><strong>duodecim,</strong></span> <span class='ocrx_word' id='word_1_93' title='bbox 1013 1273 1060 1307; x_wconf 83' lang='lat' dir='ltr'><strong>rex</strong></span> <span class='ocrx_word' id='word_1_94' title='bbox 1068 1268 1168 1310; x_wconf 75' lang='lat' dir='ltr'><strong>tanturm</strong></span> <span class='ocrx_word' id='word_1_95' title='bbox 1185 1261 1304 1327; x_wconf 73' lang='lat' dir='ltr'><strong>Proprie·</strong></span> 
     </span>
     <span class='ocr_line' id='line_1_12' title="bbox 201 1319 1304 1396; baseline 0.021 -28"><span class='ocrx_word' id='word_1_96' title='bbox 201 1319 384 1371; x_wconf 82' lang='lat' dir='ltr'><strong>riumreroad</strong></span> <span class='ocrx_word' id='word_1_97' title='bbox 404 1323 487 1373; x_wconf 85' lang='lat' dir='ltr'><strong>socios</strong></span> <span class='ocrx_word' id='word_1_98' title='bbox 506 1325 627 1374; x_wconf 85' lang='lat' dir='ltr'><strong>tutandos</strong></span> <span class='ocrx_word' id='word_1_99' title='bbox 645 1326 731 1390; x_wconf 82' lang='lat' dir='ltr'><strong>earnis,</strong></span> <span class='ocrx_word' id='word_1_100' title='bbox 774 1333 834 1383; x_wconf 84' lang='lat' dir='ltr'><strong>tori.</strong></span> <span class='ocrx_word' id='word_1_101' title='bbox 867 1347 906 1383; x_wconf 88' lang='lat' dir='ltr'><strong>rr.</strong></span> <span class='ocrx_word' id='word_1_102' title='bbox 933 1331 1065 1396; x_wconf 74' lang='lat' dir='ltr'><strong>Augustus</strong></span> <span class='ocrx_word' id='word_1_103' title='bbox 1085 1335 1174 1388; x_wconf 75' lang='lat' dir='ltr'><strong>Cesar</strong></span> <span class='ocrx_word' id='word_1_104' title='bbox 1193 1339 1304 1391; x_wconf 81' lang='lat' dir='ltr'><strong>devictis</strong></span> 
     </span>
     <span class='ocr_line' id='line_1_13' title="bbox 200 1396 1304 1477; baseline 0.022 -31"><span class='ocrx_word' id='word_1_105' title='bbox 200 1396 336 1460; x_wconf 81' lang='lat' dir='ltr'><strong>pellendus</strong></span> <span class='ocrx_word' id='word_1_106' title='bbox 359 1399 454 1462; x_wconf 78' lang='lat' dir='ltr'><strong>buttes,</strong></span> <span class='ocrx_word' id='word_1_107' title='bbox 472 1400 619 1464; x_wconf 74' lang='lat' dir='ltr'>bellumque</span> <span class='ocrx_word' id='word_1_108' title='bbox 641 1415 732 1464; x_wconf 70' lang='lat' dir='ltr'><strong>seren·</strong></span> <span class='ocrx_word' id='word_1_109' title='bbox 773 1409 882 1462; x_wconf 75' lang='lat' dir='ltr'><strong>Antonii</strong></span> <span class='ocrx_word' id='word_1_110' title='bbox 907 1413 1023 1477; x_wconf 85' lang='lat' dir='ltr'><strong>pertibus</strong></span> <span class='ocrx_word' id='word_1_111' title='bbox 1044 1416 1132 1466; x_wconf 88' lang='lat' dir='ltr'><strong>orbern</strong></span> <span class='ocrx_word' id='word_1_112' title='bbox 1158 1419 1304 1470; x_wconf 70' lang='lat' dir='ltr'><strong>Romanum</strong></span> 
     </span>
     <span class='ocr_line' id='line_1_14' title="bbox 200 1471 1303 1560; baseline 0.021 -39"><span class='ocrx_word' id='word_1_113' title='bbox 200 1471 262 1522; x_wconf 85' lang='lat' dir='ltr'><strong>dum</strong></span> <span class='ocrx_word' id='word_1_114' title='bbox 274 1473 411 1536; x_wconf 72' lang='lat' dir='ltr'><strong>pertinuit.</strong></span> <span class='ocrx_word' id='word_1_115' title='bbox 444 1477 616 1540; x_wconf 69' lang='lat' dir='ltr'><strong>Magistratus</strong></span> <span class='ocrx_word' id='word_1_116' title='bbox 624 1478 667 1526; x_wconf 84' lang='lat' dir='ltr'><strong>elil</strong></span> <span class='ocrx_word' id='word_1_117' title='bbox 679 1492 731 1527; x_wconf 86' lang='lat' dir='ltr'><strong>me·</strong></span> <span class='ocrx_word' id='word_1_118' title='bbox 773 1484 837 1536; x_wconf 87' lang='lat' dir='ltr'><strong>duaa</strong></span> <span class='ocrx_word' id='word_1_119' title='bbox 847 1488 872 1536; x_wconf 88' lang='lat' dir='ltr'><strong>iu</strong></span> <span class='ocrx_word' id='word_1_120' title='bbox 883 1496 1044 1552; x_wconf 85' lang='lat' dir='ltr'><strong>perteaanno</strong></span> <span class='ocrx_word' id='word_1_121' title='bbox 1052 1495 1110 1542; x_wconf 78' lang='lat' dir='ltr'><strong>tte.</strong></span> <span class='ocrx_word' id='word_1_122' title='bbox 1120 1493 1228 1555; x_wconf 87' lang='lat' dir='ltr'><strong>tribuit;</strong></span> <span class='ocrx_word' id='word_1_123' title='bbox 1241 1509 1303 1560; x_wconf 83' lang='lat' dir='ltr'><strong>que·</strong></span> 
     </span>
     <span class='ocr_line' id='line_1_15' title="bbox 196 1547 1303 1634; baseline 0.023 -38"><span class='ocrx_word' id='word_1_124' title='bbox 196 1547 280 1611; x_wconf 87' lang='lat' dir='ltr'><strong>jures,</strong></span> <span class='ocrx_word' id='word_1_125' title='bbox 296 1549 340 1598; x_wconf 90' lang='lat' dir='ltr'><strong>aiii</strong></span> <span class='ocrx_word' id='word_1_126' title='bbox 358 1551 484 1602; x_wconf 80' lang='lat' dir='ltr'><strong>minares:</strong></span> <span class='ocrx_word' id='word_1_127' title='bbox 504 1553 627 1618; x_wconf 75' lang='lat' dir='ltr'><strong>nujus-ea,</strong></span> <span class='ocrx_word' id='word_1_128' title='bbox 638 1554 732 1605; x_wconf 78' lang='lat' dir='ltr'><strong>Dicrs-</strong></span> <span class='ocrx_word' id='word_1_129' title='bbox 772 1577 829 1612; x_wconf 86' lang='lat' dir='ltr'><strong>rum</strong></span> <span class='ocrx_word' id='word_1_130' title='bbox 847 1565 956 1614; x_wconf 73' lang='lat' dir='ltr'><strong>eicerem</strong></span> <span class='ocrx_word' id='word_1_131' title='bbox 973 1566 1080 1616; x_wconf 79' lang='lat' dir='ltr'><strong>Senatui</strong></span> <span class='ocrx_word' id='word_1_132' title='bbox 1091 1571 1239 1634; x_wconf 83' lang='lat' dir='ltr'><strong>populoque</strong></span> <span class='ocrx_word' id='word_1_133' title='bbox 1262 1586 1303 1622; x_wconf 87' lang='lat' dir='ltr'><strong>re-</strong></span> 
     </span>
     <span class='ocr_line' id='line_1_16' title="bbox 177 1625 1300 1705; baseline 0.023 -33"><span class='ocrx_word' id='word_1_134' title='bbox 177 1630 253 1684; x_wconf 83' lang='lat' dir='ltr'><strong>·tor,</strong></span> <span class='ocrx_word' id='word_1_135' title='bbox 278 1625 384 1689; x_wconf 89' lang='lat' dir='ltr'><strong>Consul,</strong></span> <span class='ocrx_word' id='word_1_136' title='bbox 402 1628 511 1690; x_wconf 84' lang='lat' dir='ltr'><strong>Censor,</strong></span> <span class='ocrx_word' id='word_1_137' title='bbox 536 1630 659 1692; x_wconf 55' lang='lat' dir='ltr'><strong>Paetum</strong></span> <span class='ocrx_word' id='word_1_138' title='bbox 685 1633 733 1682; x_wconf 85' lang='lat' dir='ltr'><strong>ni·</strong></span> <span class='ocrx_word' id='word_1_139' title='bbox 772 1639 881 1702; x_wconf 72' lang='lat' dir='ltr'><strong>gendum</strong></span> <span class='ocrx_word' id='word_1_140' title='bbox 896 1641 1025 1705; x_wconf 76' lang='lat' dir='ltr'><strong>permisit,</strong></span> <span class='ocrx_word' id='word_1_141' title='bbox 1041 1643 1149 1694; x_wconf 84' lang='lat' dir='ltr'><strong>alteram</strong></span> <span class='ocrx_word' id='word_1_142' title='bbox 1166 1646 1217 1695; x_wconf 90' lang='lat' dir='ltr'><strong>sibi</strong></span> <span class='ocrx_word' id='word_1_143' title='bbox 1236 1649 1300 1697; x_wconf 86' lang='lat' dir='ltr'><strong>reti-</strong></span> 
     </span>
     <span class='ocr_line' id='line_1_17' title="bbox 200 1701 1300 1786; baseline 0.026 -42"><span class='ocrx_word' id='word_1_144' title='bbox 200 1713 287 1761; x_wconf 83' lang='lat' dir='ltr'><strong>nores,</strong></span> <span class='ocrx_word' id='word_1_145' title='bbox 307 1701 430 1752; x_wconf 76' lang='lat' dir='ltr'><strong>Quaestor</strong></span> <span class='ocrx_word' id='word_1_146' title='bbox 446 1704 577 1768; x_wconf 84' lang='lat' dir='ltr'><strong>Urbanus,</strong></span> <span class='ocrx_word' id='word_1_147' title='bbox 599 1706 731 1758; x_wconf 77' lang='lat' dir='ltr'><strong>Tribunus</strong></span> <span class='ocrx_word' id='word_1_148' title='bbox 771 1715 842 1766; x_wconf 90' lang='lat' dir='ltr'><strong>nuit:</strong></span> <span class='ocrx_word' id='word_1_149' title='bbox 861 1732 912 1781; x_wconf 84' lang='lat' dir='ltr'><strong>quo</strong></span> <span class='ocrx_word' id='word_1_150' title='bbox 924 1731 985 1768; x_wconf 83' lang='lat' dir='ltr'><strong>vero</strong></span> <span class='ocrx_word' id='word_1_151' title='bbox 1001 1721 1173 1784; x_wconf 88' lang='lat' dir='ltr'><strong>peucslpsum</strong></span> <span class='ocrx_word' id='word_1_152' title='bbox 1185 1722 1300 1786; x_wconf 73' lang='lat' dir='ltr'><strong>legiones</strong></span> 
     </span>
     <span class='ocr_line' id='line_1_18' title="bbox 199 1773 1300 1860; baseline 0.022 -36"><span class='ocrx_word' id='word_1_153' title='bbox 199 1773 300 1838; x_wconf 84' lang='lat' dir='ltr'><strong>Plebis,</strong></span> <span class='ocrx_word' id='word_1_154' title='bbox 320 1777 426 1840; x_wconf 66' lang='lat' dir='ltr'><strong>AEdiiem</strong></span> <span class='ocrx_word' id='word_1_155' title='bbox 444 1786 497 1828; x_wconf 88' lang='lat' dir='ltr'><strong>tum</strong></span> <span class='ocrx_word' id='word_1_156' title='bbox 506 1781 604 1844; x_wconf 83' lang='lat' dir='ltr'><strong>Plebis,</strong></span> <span class='ocrx_word' id='word_1_157' title='bbox 615 1787 669 1832; x_wconf 87' lang='lat' dir='ltr'><strong>tom</strong></span> <span class='ocrx_word' id='word_1_158' title='bbox 681 1784 732 1834; x_wconf 87' lang='lat' dir='ltr'><strong>Cu·</strong></span> <span class='ocrx_word' id='word_1_159' title='bbox 771 1797 858 1840; x_wconf 87' lang='lat' dir='ltr'><strong>essent</strong></span> <span class='ocrx_word' id='word_1_160' title='bbox 869 1799 897 1842; x_wconf 92' lang='lat' dir='ltr'><strong>et</strong></span> <span class='ocrx_word' id='word_1_161' title='bbox 916 1792 995 1842; x_wconf 89' lang='lat' dir='ltr'><strong>tutius</strong></span> <span class='ocrx_word' id='word_1_162' title='bbox 1015 1793 1120 1858; x_wconf 87' lang='lat' dir='ltr'><strong>Imperii</strong></span> <span class='ocrx_word' id='word_1_163' title='bbox 1138 1795 1223 1860; x_wconf 83' lang='lat' dir='ltr'><strong>robur,</strong></span> <span class='ocrx_word' id='word_1_164' title='bbox 1242 1813 1300 1860; x_wconf 89' lang='lat' dir='ltr'><strong>pro·</strong></span> 
     </span>
     <span class='ocr_line' id='line_1_19' title="bbox 198 1853 1300 1936; baseline 0.022 -37"><span class='ocrx_word' id='word_1_165' title='bbox 198 1853 273 1914; x_wconf 85' lang='lat' dir='ltr'><strong>ruiis,</strong></span> <span class='ocrx_word' id='word_1_166' title='bbox 283 1860 337 1902; x_wconf 89' lang='lat' dir='ltr'><strong>tum</strong></span> <span class='ocrx_word' id='word_1_167' title='bbox 347 1853 471 1906; x_wconf 81' lang='lat' dir='ltr'><strong>Cerealis.</strong></span> <span class='ocrx_word' id='word_1_168' title='bbox 493 1858 545 1905; x_wconf 79' lang='lat' dir='ltr'><strong>Sue</strong></span> <span class='ocrx_word' id='word_1_169' title='bbox 562 1857 669 1921; x_wconf 76' lang='lat' dir='ltr'><strong>singulis</strong></span> <span class='ocrx_word' id='word_1_170' title='bbox 687 1873 732 1908; x_wconf 85' lang='lat' dir='ltr'><strong>au·</strong></span> <span class='ocrx_word' id='word_1_171' title='bbox 772 1865 880 1931; x_wconf 77' lang='lat' dir='ltr'><strong>vincius,</strong></span> <span class='ocrx_word' id='word_1_172' title='bbox 901 1883 959 1932; x_wconf 83' lang='lat' dir='ltr'><strong>quse</strong></span> <span class='ocrx_word' id='word_1_173' title='bbox 982 1875 1104 1932; x_wconf 83' lang='lat' dir='ltr'><strong>peterent</strong></span> <span class='ocrx_word' id='word_1_174' title='bbox 1126 1871 1203 1934; x_wconf 87' lang='lat' dir='ltr'><strong>busti,</strong></span> <span class='ocrx_word' id='word_1_175' title='bbox 1230 1873 1300 1936; x_wconf 76' lang='lat' dir='ltr'><strong>sibi3</strong></span> 
     </span>
     <span class='ocr_line' id='line_1_20' title="bbox 200 1928 1299 2007; baseline 0.021 -31"><span class='ocrx_word' id='word_1_176' title='bbox 200 1929 284 1992; x_wconf 80' lang='lat' dir='ltr'><strong>spicia</strong></span> <span class='ocrx_word' id='word_1_177' title='bbox 295 1928 377 1993; x_wconf 82' lang='lat' dir='ltr'><strong>fuere,</strong></span> <span class='ocrx_word' id='word_1_178' title='bbox 393 1931 439 1981; x_wconf 87' lang='lat' dir='ltr'><strong>sed</strong></span> <span class='ocrx_word' id='word_1_179' title='bbox 451 1933 502 1982; x_wconf 82' lang='lat' dir='ltr'><strong>ulia</strong></span> <span class='ocrx_word' id='word_1_180' title='bbox 515 1933 580 1994; x_wconf 81' lang='lat' dir='ltr'><strong>eliis,</strong></span> <span class='ocrx_word' id='word_1_181' title='bbox 591 1934 728 1998; x_wconf 85' lang='lat' dir='ltr'><strong>majoribus</strong></span> <span class='ocrx_word' id='word_1_182' title='bbox 767 1955 898 2006; x_wconf 73' lang='lat' dir='ltr'><strong>querere</strong></span> <span class='ocrx_word' id='word_1_183' title='bbox 917 1945 1008 2007; x_wconf 90' lang='lat' dir='ltr'><strong>procul</strong></span> <span class='ocrx_word' id='word_1_184' title='bbox 1022 1952 1136 1996; x_wconf 77' lang='lat' dir='ltr'><strong>emente</strong></span> <span class='ocrx_word' id='word_1_185' title='bbox 1153 1946 1247 1998; x_wconf 91' lang='lat' dir='ltr'><strong>bellico</strong></span> <span class='ocrx_word' id='word_1_186' title='bbox 1260 1957 1299 1999; x_wconf 88' lang='lat' dir='ltr'><strong>tu·</strong></span> 
     </span>
     <span class='ocr_line' id='line_1_21' title="bbox 198 2005 1300 2088; baseline 0.02 -35"><span class='ocrx_word' id='word_1_187' title='bbox 198 2005 307 2068; x_wconf 75' lang='lat' dir='ltr'><strong>majora,</strong></span> <span class='ocrx_word' id='word_1_188' title='bbox 323 2007 422 2057; x_wconf 82' lang='lat' dir='ltr'><strong>minore</strong></span> <span class='ocrx_word' id='word_1_189' title='bbox 436 2008 592 2058; x_wconf 86' lang='lat' dir='ltr'><strong>mineribus:</strong></span> <span class='ocrx_word' id='word_1_190' title='bbox 610 2011 729 2060; x_wconf 86' lang='lat' dir='ltr'><strong>omnibus</strong></span> <span class='ocrx_word' id='word_1_191' title='bbox 766 2018 859 2078; x_wconf 83' lang='lat' dir='ltr'><strong>multu,</strong></span> <span class='ocrx_word' id='word_1_192' title='bbox 882 2019 990 2069; x_wconf 74' lang='lat' dir='ltr'><strong>Senatui</strong></span> <span class='ocrx_word' id='word_1_193' title='bbox 1008 2021 1145 2072; x_wconf 74' lang='lat' dir='ltr'><strong>attribuit:</strong></span> <span class='ocrx_word' id='word_1_194' title='bbox 1174 2024 1218 2088; x_wconf 91' lang='lat' dir='ltr'><strong>qui</strong></span> <span class='ocrx_word' id='word_1_195' title='bbox 1236 2025 1300 2075; x_wconf 88' lang='lat' dir='ltr'><strong>Pro-</strong></span> 
     </span>
     <span class='ocr_line' id='line_1_22' title="bbox 195 2078 1299 2157; baseline 0.023 -30"><span class='ocrx_word' id='word_1_196' title='bbox 195 2078 263 2128; x_wconf 85' lang='lat' dir='ltr'><strong>¹item</strong></span> <span class='ocrx_word' id='word_1_197' title='bbox 271 2095 373 2146; x_wconf 82' lang='lat' dir='ltr'><strong>semper</strong></span> <span class='ocrx_word' id='word_1_198' title='bbox 380 2084 441 2133; x_wconf 82' lang='lat' dir='ltr'><strong>dete</strong></span> <span class='ocrx_word' id='word_1_199' title='bbox 450 2093 580 2148; x_wconf 70' lang='lat' dir='ltr'><strong>potestus,</strong></span> <span class='ocrx_word' id='word_1_200' title='bbox 590 2086 728 2150; x_wconf 85' lang='lat' dir='ltr'><strong>imperium</strong></span> <span class='ocrx_word' id='word_1_201' title='bbox 766 2092 859 2142; x_wconf 82' lang='lat' dir='ltr'><strong>vinciis</strong></span> <span class='ocrx_word' id='word_1_202' title='bbox 865 2103 995 2157; x_wconf 78' lang='lat' dir='ltr'><strong>preerant</strong></span> <span class='ocrx_word' id='word_1_203' title='bbox 1005 2096 1116 2146; x_wconf 74' lang='lat' dir='ltr'><strong>Senatus</strong></span> <span class='ocrx_word' id='word_1_204' title='bbox 1124 2101 1226 2150; x_wconf 84' lang='lat' dir='ltr'><strong>nomine</strong></span> <span class='ocrx_word' id='word_1_205' title='bbox 1234 2101 1299 2152; x_wconf 88' lang='lat' dir='ltr'><strong>Pre-</strong></span> 
     </span>
     <span class='ocr_line' id='line_1_23' title="bbox 196 2157 1298 2238; baseline 0.024 -36"><span class='ocrx_word' id='word_1_206' title='bbox 196 2168 250 2204; x_wconf 90' lang='lat' dir='ltr'><strong>non</strong></span> <span class='ocrx_word' id='word_1_207' title='bbox 261 2157 334 2218; x_wconf 88' lang='lat' dir='ltr'><strong>item,</strong></span> <span class='ocrx_word' id='word_1_208' title='bbox 342 2159 387 2207; x_wconf 90' lang='lat' dir='ltr'><strong>sed</strong></span> <span class='ocrx_word' id='word_1_209' title='bbox 399 2160 529 2210; x_wconf 88' lang='lat' dir='ltr'><strong>Dictatori</strong></span> <span class='ocrx_word' id='word_1_210' title='bbox 541 2169 650 2225; x_wconf 82' lang='lat' dir='ltr'><strong>tentum,</strong></span> <span class='ocrx_word' id='word_1_211' title='bbox 663 2163 730 2213; x_wconf 87' lang='lat' dir='ltr'><strong>Con·</strong></span> <span class='ocrx_word' id='word_1_212' title='bbox 768 2172 949 2236; x_wconf 85' lang='lat' dir='ltr'><strong>consules,qui</strong></span> <span class='ocrx_word' id='word_1_213' title='bbox 961 2187 1016 2235; x_wconf 91' lang='lat' dir='ltr'><strong>auo,</strong></span> <span class='ocrx_word' id='word_1_214' title='bbox 1033 2181 1061 2223; x_wconf 89' lang='lat' dir='ltr'><strong>et</strong></span> <span class='ocrx_word' id='word_1_215' title='bbox 1072 2175 1252 2238; x_wconf 80' lang='lat' dir='ltr'><strong>Propraetores</strong></span> <span class='ocrx_word' id='word_1_216' title='bbox 1270 2189 1298 2230; x_wconf 91' lang='lat' dir='ltr'><strong>et</strong></span> 
     </span>
     <span class='ocr_line' id='line_1_24' title="bbox 196 2229 1297 2312; baseline 0.025 -36"><span class='ocrx_word' id='word_1_217' title='bbox 196 2229 245 2278; x_wconf 90' lang='lat' dir='ltr'><strong>suli</strong></span> <span class='ocrx_word' id='word_1_218' title='bbox 257 2239 285 2280; x_wconf 87' lang='lat' dir='ltr'><strong>et</strong></span> <span class='ocrx_word' id='word_1_219' title='bbox 301 2233 429 2295; x_wconf 73' lang='lat' dir='ltr'><strong>Pretori;</strong></span> <span class='ocrx_word' id='word_1_220' title='bbox 446 2235 529 2299; x_wconf 89' lang='lat' dir='ltr'><strong>iisque</strong></span> <span class='ocrx_word' id='word_1_221' title='bbox 548 2250 596 2286; x_wconf 89' lang='lat' dir='ltr'><strong>nec</strong></span> <span class='ocrx_word' id='word_1_222' title='bbox 617 2252 728 2300; x_wconf 80' lang='lat' dir='ltr'><strong>semper,</strong></span> <span class='ocrx_word' id='word_1_223' title='bbox 766 2245 911 2295; x_wconf 76' lang='lat' dir='ltr'><strong>Proefectos</strong></span> <span class='ocrx_word' id='word_1_224' title='bbox 925 2250 1051 2312; x_wconf 77' lang='lat' dir='ltr'><strong>appetisti</strong></span> <span class='ocrx_word' id='word_1_225' title='bbox 1071 2252 1169 2312; x_wconf 72' lang='grc' dir='ltr'><strong>νοΙιιίις</strong></span> <span class='ocrx_word' id='word_1_226' title='bbox 1188 2254 1233 2302; x_wconf 87' lang='lat' dir='ltr'><strong>sed</strong></span> <span class='ocrx_word' id='word_1_227' title='bbox 1247 2255 1297 2306; x_wconf 84' lang='lat' dir='ltr'><strong>iliis</strong></span> 
     </span>
     <span class='ocr_line' id='line_1_25' title="bbox 194 2305 1298 2396; baseline 0.024 -43"><span class='ocrx_word' id='word_1_228' title='bbox 194 2318 245 2354; x_wconf 87' lang='lat' dir='ltr'><strong>nee</strong></span> <span class='ocrx_word' id='word_1_229' title='bbox 257 2305 349 2356; x_wconf 86' lang='lat' dir='ltr'><strong>iisdem</strong></span> <span class='ocrx_word' id='word_1_230' title='bbox 360 2309 451 2371; x_wconf 89' lang='lat' dir='ltr'><strong>quibus</strong></span> <span class='ocrx_word' id='word_1_231' title='bbox 468 2311 640 2373; x_wconf 74' lang='lat' dir='ltr'><strong>Magistrum</strong></span> <span class='ocrx_word' id='word_1_232' title='bbox 651 2313 730 2360; x_wconf 84' lang='lat' dir='ltr'><strong>comi·</strong></span> <span class='ocrx_word' id='word_1_233' title='bbox 769 2319 892 2382; x_wconf 69' lang='lat' dir='ltr'><strong>gladium,</strong></span> <span class='ocrx_word' id='word_1_234' title='bbox 909 2322 1024 2372; x_wconf 77' lang='lat' dir='ltr'><strong>habiturn</strong></span> <span class='ocrx_word' id='word_1_235' title='bbox 1046 2325 1190 2384; x_wconf 79' lang='lat' dir='ltr'><strong>militarem,</strong></span> <span class='ocrx_word' id='word_1_236' title='bbox 1202 2330 1298 2396; x_wconf 83' lang='lat' dir='ltr'><strong>jusque</strong></span> 
     </span>
     <span class='ocr_line' id='line_1_26' title="bbox 194 2379 1296 2467; baseline 0.028 -40"><span class='ocrx_word' id='word_1_237' title='bbox 194 2379 303 2441; x_wconf 82' lang='lat' dir='ltr'><strong>tiis,sed</strong></span> <span class='ocrx_word' id='word_1_238' title='bbox 316 2389 411 2431; x_wconf 88' lang='lat' dir='ltr'><strong>etcum</strong></span> <span class='ocrx_word' id='word_1_239' title='bbox 424 2394 607 2448; x_wconf 81' lang='lat' dir='ltr'><strong>resposceret;</strong></span> <span class='ocrx_word' id='word_1_240' title='bbox 619 2387 731 2436; x_wconf 78' lang='lat' dir='ltr'><strong>esconii·</strong></span> <span class='ocrx_word' id='word_1_241' title='bbox 770 2395 864 2444; x_wconf 83' lang='lat' dir='ltr'><strong>milites</strong></span> <span class='ocrx_word' id='word_1_242' title='bbox 876 2397 962 2459; x_wconf 84' lang='lat' dir='ltr'><strong>cupite</strong></span> <span class='ocrx_word' id='word_1_243' title='bbox 974 2399 1106 2461; x_wconf 77' lang='lat' dir='ltr'><strong>plectendi</strong></span> <span class='ocrx_word' id='word_1_244' title='bbox 1125 2403 1238 2467; x_wconf 75' lang='lat' dir='ltr'><strong>ademit3</strong></span> <span class='ocrx_word' id='word_1_245' title='bbox 1257 2407 1296 2458; x_wconf 82' lang='lat' dir='ltr'><strong>bis</strong></span> 
     </span>
     <span class='ocr_line' id='line_1_27' title="bbox 194 2455 1296 2545; baseline 0.025 -42"><span class='ocrx_word' id='word_1_246' title='bbox 194 2455 239 2504; x_wconf 84' lang='lat' dir='ltr'><strong>tiis</strong></span> <span class='ocrx_word' id='word_1_247' title='bbox 249 2471 319 2520; x_wconf 75' lang='lat' dir='ltr'><strong>repe</strong></span> <span class='ocrx_word' id='word_1_248' title='bbox 330 2459 446 2522; x_wconf 88' lang='lat' dir='ltr'><strong>curiatis,</strong></span> <span class='ocrx_word' id='word_1_249' title='bbox 466 2460 596 2510; x_wconf 84' lang='lat' dir='ltr'><strong>interdum</strong></span> <span class='ocrx_word' id='word_1_250' title='bbox 604 2461 729 2525; x_wconf 79' lang='lat' dir='ltr'><strong>Tributis,</strong></span> <span class='ocrx_word' id='word_1_251' title='bbox 769 2467 825 2520; x_wconf 77' lang='lat' dir='ltr'><strong>bec</strong></span> <span class='ocrx_word' id='word_1_252' title='bbox 844 2470 930 2518; x_wconf 79' lang='lat' dir='ltr'><strong>omniu</strong></span> <span class='ocrx_word' id='word_1_253' title='bbox 947 2474 1081 2525; x_wconf 74' lang='lat' dir='ltr'><strong>concessit.</strong></span> <span class='ocrx_word' id='word_1_254' title='bbox 1114 2477 1215 2528; x_wconf 75' lang='lat' dir='ltr'><strong>Exinde</strong></span> <span class='ocrx_word' id='word_1_255' title='bbox 1238 2496 1296 2545; x_wconf 77' lang='lat' dir='ltr'><strong>quse</strong></span> 
     </span>
     <span class='ocr_line' id='line_1_28' title="bbox 194 2536 1295 2612; baseline 0.023 -31"><span class='ocrx_word' id='word_1_256' title='bbox 194 2545 379 2598; x_wconf 74' lang='lat' dir='ltr'><strong>nonnunqum</strong></span> <span class='ocrx_word' id='word_1_257' title='bbox 397 2536 476 2586; x_wconf 81' lang='lat' dir='ltr'><strong>etism</strong></span> <span class='ocrx_word' id='word_1_258' title='bbox 491 2537 728 2589; x_wconf 78' lang='lat' dir='ltr'><strong>senatusconsulto.</strong></span> <span class='ocrx_word' id='word_1_259' title='bbox 768 2545 912 2596; x_wconf 71' lang='lat' dir='ltr'><strong>Provinciis</strong></span> <span class='ocrx_word' id='word_1_260' title='bbox 929 2549 1053 2612; x_wconf 84' lang='lat' dir='ltr'><strong>patebunt</strong></span> <span class='ocrx_word' id='word_1_261' title='bbox 1068 2553 1173 2604; x_wconf 75' lang='lat' dir='ltr'><strong>Senatui</strong></span> <span class='ocrx_word' id='word_1_262' title='bbox 1197 2555 1295 2606; x_wconf 82' lang='lat' dir='ltr'><strong>Consu·</strong></span> 
     </span>
     <span class='ocr_line' id='line_1_29' title="bbox 194 2611 1293 2688; baseline 0.024 -30"><span class='ocrx_word' id='word_1_263' title='bbox 194 2623 223 2660; x_wconf 74' lang='lat' dir='ltr'><strong>s.</strong></span> <span class='ocrx_word' id='word_1_264' title='bbox 242 2611 370 2662; x_wconf 75' lang='lat' dir='ltr'><strong>Quaenam</strong></span> <span class='ocrx_word' id='word_1_265' title='bbox 381 2613 607 2664; x_wconf 85' lang='lat' dir='ltr'><strong>reroConsuleres</strong></span> <span class='ocrx_word' id='word_1_266' title='bbox 619 2613 727 2664; x_wconf 82' lang='lat' dir='ltr'><strong>Prusin·</strong></span> <span class='ocrx_word' id='word_1_267' title='bbox 766 2621 833 2670; x_wconf 79' lang='lat' dir='ltr'><strong>lares</strong></span> <span class='ocrx_word' id='word_1_268' title='bbox 853 2621 937 2686; x_wconf 84' lang='lat' dir='ltr'><strong>fuere,</strong></span> <span class='ocrx_word' id='word_1_269' title='bbox 954 2639 1011 2688; x_wconf 79' lang='lat' dir='ltr'><strong>que</strong></span> <span class='ocrx_word' id='word_1_270' title='bbox 1032 2627 1130 2680; x_wconf 79' lang='lat' dir='ltr'><strong>Cereri</strong></span> <span class='ocrx_word' id='word_1_271' title='bbox 1146 2629 1293 2684; x_wconf 77' lang='lat' dir='ltr'><strong>Praeterire.</strong></span> 
     </span>
     <span class='ocr_line' id='line_1_30' title="bbox 193 2683 1292 2772; baseline 0.026 -40"><span class='ocrx_word' id='word_1_272' title='bbox 193 2685 241 2733; x_wconf 76' lang='lat' dir='ltr'><strong>cie</strong></span> <span class='ocrx_word' id='word_1_273' title='bbox 252 2683 358 2750; x_wconf 79' lang='lat' dir='ltr'><strong>luerint,</strong></span> <span class='ocrx_word' id='word_1_274' title='bbox 375 2688 464 2750; x_wconf 77' lang='lat' dir='ltr'><strong>prucis</strong></span> <span class='ocrx_word' id='word_1_275' title='bbox 476 2689 575 2752; x_wconf 83' lang='lat' dir='ltr'><strong>eceipe.</strong></span> <span class='ocrx_word' id='word_1_276' title='bbox 609 2689 679 2754; x_wconf 76' lang='lat' dir='ltr'><strong>Lege</strong></span> <span class='ocrx_word' id='word_1_277' title='bbox 691 2691 722 2741; x_wconf 85' lang='lat' dir='ltr'><strong>C.</strong></span> <span class='ocrx_word' id='word_1_278' title='bbox 766 2711 815 2746; x_wconf 85' lang='lat' dir='ltr'><strong>vrr.</strong></span> <span class='ocrx_word' id='word_1_279' title='bbox 824 2697 1098 2756; x_wconf 81' lang='lat' dir='ltr'><strong>Querumlutermdum</strong></span> <span class='ocrx_word' id='word_1_280' title='bbox 1108 2705 1148 2755; x_wconf 89' lang='lat' dir='ltr'><strong>bic</strong></span> <span class='ocrx_word' id='word_1_281' title='bbox 1159 2722 1292 2772; x_wconf 78' lang='lat' dir='ltr'><strong>apponere</strong></span> 
     </span>
     <span class='ocr_line' id='line_1_31' title="bbox 191 2759 1291 2848; baseline 0.026 -39"><span class='ocrx_word' id='word_1_282' title='bbox 191 2759 306 2812; x_wconf 79' lang='lat' dir='ltr'><strong>Gracchi</strong></span> <span class='ocrx_word' id='word_1_283' title='bbox 316 2764 443 2814; x_wconf 87' lang='lat' dir='ltr'><strong>sancitum</strong></span> <span class='ocrx_word' id='word_1_284' title='bbox 464 2771 530 2827; x_wconf 82' lang='lat' dir='ltr'><strong>eret,</strong></span> <span class='ocrx_word' id='word_1_285' title='bbox 543 2771 573 2814; x_wconf 91' lang='lat' dir='ltr'><strong>nt</strong></span> <span class='ocrx_word' id='word_1_286' title='bbox 584 2771 722 2829; x_wconf 81' lang='lat' dir='ltr'><strong>autequam</strong></span> <span class='ocrx_word' id='word_1_287' title='bbox 763 2771 848 2835; x_wconf 88' lang='lat' dir='ltr'><strong>libuit,</strong></span> <span class='ocrx_word' id='word_1_288' title='bbox 866 2789 915 2838; x_wconf 86' lang='lat' dir='ltr'><strong>quo</strong></span> <span class='ocrx_word' id='word_1_289' title='bbox 931 2774 1035 2828; x_wconf 78' lang='lat' dir='ltr'><strong>lucilius</strong></span> <span class='ocrx_word' id='word_1_290' title='bbox 1053 2781 1136 2844; x_wconf 83' lang='lat' dir='ltr'><strong>quiris</strong></span> <span class='ocrx_word' id='word_1_291' title='bbox 1159 2783 1291 2848; x_wconf 69' lang='lat' dir='ltr'><strong>intelliget</strong></span> 
     </span>
     <span class='ocr_line' id='line_1_32' title="bbox 193 2837 1289 2920; baseline 0.017 -37"><span class='ocrx_word' id='word_1_292' title='bbox 193 2837 264 2897; x_wconf 86' lang='lat' dir='ltr'><strong>novi,</strong></span> <span class='ocrx_word' id='word_1_293' title='bbox 282 2837 336 2886; x_wconf 86' lang='lat' dir='ltr'><strong>sire</strong></span> <span class='ocrx_word' id='word_1_294' title='bbox 362 2839 500 2900; x_wconf 78' lang='lat' dir='ltr'><strong>Consules,</strong></span> <span class='ocrx_word' id='word_1_295' title='bbox 516 2839 570 2889; x_wconf 83' lang='lat' dir='ltr'><strong>siue</strong></span> <span class='ocrx_word' id='word_1_296' title='bbox 589 2839 722 2891; x_wconf 73' lang='lat' dir='ltr'><strong>Pretores</strong></span> <span class='ocrx_word' id='word_1_297' title='bbox 762 2849 942 2912; x_wconf 83' lang='lat' dir='ltr'><strong>qusmleteid</strong></span> <span class='ocrx_word' id='word_1_298' title='bbox 961 2855 1083 2916; x_wconf 85' lang='lat' dir='ltr'><strong>temporis</strong></span> <span class='ocrx_word' id='word_1_299' title='bbox 1100 2861 1215 2920; x_wconf 76' lang='lat' dir='ltr'><strong>patuerit</strong></span> <span class='ocrx_word' id='word_1_300' title='bbox 1236 2861 1289 2910; x_wconf 73' lang='lat' dir='ltr'><strong>Ro.</strong></span> 
     </span>
     <span class='ocr_line' id='line_1_33' title="bbox 192 2911 1291 2998; baseline 0.019 -39"><span class='ocrx_word' id='word_1_301' title='bbox 192 2911 398 2976; x_wconf 72' lang='lat' dir='ltr'><strong>designarentur,</strong></span> <span class='ocrx_word' id='word_1_302' title='bbox 408 2915 476 2965; x_wconf 82' lang='lat' dir='ltr'><strong>alter</strong></span> <span class='ocrx_word' id='word_1_303' title='bbox 487 2915 625 2965; x_wconf 78' lang='lat' dir='ltr'><strong>Consulum</strong></span> <span class='ocrx_word' id='word_1_304' title='bbox 634 2915 666 2964; x_wconf 85' lang='lat' dir='ltr'><strong>ed</strong></span> <span class='ocrx_word' id='word_1_305' title='bbox 675 2917 722 2965; x_wconf 90' lang='lat' dir='ltr'><strong>Se·</strong></span> <span class='ocrx_word' id='word_1_306' title='bbox 761 2937 864 2974; x_wconf 80' lang='lat' dir='ltr'><strong>manum</strong></span> <span class='ocrx_word' id='word_1_307' title='bbox 872 2926 1006 2989; x_wconf 87' lang='lat' dir='ltr'><strong>imperium</strong></span> <span class='ocrx_word' id='word_1_308' title='bbox 1015 2947 1022 2978; x_wconf 77' lang='grc' dir='ltr'><strong>ι</strong></span> <span class='ocrx_word' id='word_1_309' title='bbox 1031 2929 1117 2996; x_wconf 81' lang='lat' dir='ltr'><strong>Italis,</strong></span> <span class='ocrx_word' id='word_1_310' title='bbox 1127 2933 1226 2998; x_wconf 78' lang='lat' dir='ltr'><strong>Africa,</strong></span> <span class='ocrx_word' id='word_1_311' title='bbox 1237 2938 1291 2988; x_wconf 83' lang='lat' dir='ltr'><strong>Nu.</strong></span> 
     </span>
     <span class='ocr_line' id='line_1_34' title="bbox 191 2989 1291 3078; baseline 0.023 -40"><span class='ocrx_word' id='word_1_312' title='bbox 191 2996 280 3038; x_wconf 85' lang='lat' dir='ltr'><strong>netum</strong></span> <span class='ocrx_word' id='word_1_313' title='bbox 291 2989 478 3060; x_wconf 65' lang='lat' dir='ltr'><strong>referretque</strong></span> <span class='ocrx_word' id='word_1_314' title='bbox 490 2991 637 3042; x_wconf 73' lang='lat' dir='ltr'><strong>Provinclae</strong></span> <span class='ocrx_word' id='word_1_315' title='bbox 654 2993 721 3042; x_wconf 76' lang='lat' dir='ltr'><strong>Con·</strong></span> <span class='ocrx_word' id='word_1_316' title='bbox 762 3001 853 3062; x_wconf 78' lang='lat' dir='ltr'><strong>mittin,</strong></span> <span class='ocrx_word' id='word_1_317' title='bbox 879 3001 952 3062; x_wconf 86' lang='lat' dir='ltr'><strong>Asis,</strong></span> <span class='ocrx_word' id='word_1_318' title='bbox 988 3006 1094 3070; x_wconf 83' lang='lat' dir='ltr'><strong>Epirus,</strong></span> <span class='ocrx_word' id='word_1_319' title='bbox 1126 3011 1291 3078; x_wconf 79' lang='lat' dir='ltr'><strong>Macedonia,</strong></span> 
     </span>
     <span class='ocr_line' id='line_1_35' title="bbox 194 3064 1291 3149; baseline 0.02 -39"><span class='ocrx_word' id='word_1_320' title='bbox 194 3064 294 3113; x_wconf 83' lang='lat' dir='ltr'><strong>aulsres</strong></span> <span class='ocrx_word' id='word_1_321' title='bbox 306 3073 403 3126; x_wconf 86' lang='lat' dir='ltr'><strong>esseut,</strong></span> <span class='ocrx_word' id='word_1_322' title='bbox 413 3081 471 3130; x_wconf 81' lang='lat' dir='ltr'><strong>ques</strong></span> <span class='ocrx_word' id='word_1_323' title='bbox 483 3065 635 3116; x_wconf 77' lang='lat' dir='ltr'><strong>Pretoriee:</strong></span> <span class='ocrx_word' id='word_1_324' title='bbox 653 3067 723 3132; x_wconf 90' lang='lat' dir='ltr'><strong>quod</strong></span> <span class='ocrx_word' id='word_1_325' title='bbox 764 3075 876 3139; x_wconf 82' lang='lat' dir='ltr'><strong>Graecie,</strong></span> <span class='ocrx_word' id='word_1_326' title='bbox 891 3077 989 3142; x_wconf 82' lang='lat' dir='ltr'><strong>Sicilie,</strong></span> <span class='ocrx_word' id='word_1_327' title='bbox 1009 3081 1098 3144; x_wconf 83' lang='lat' dir='ltr'><strong>Crete,</strong></span> <span class='ocrx_word' id='word_1_328' title='bbox 1119 3084 1230 3149; x_wconf 74' lang='lat' dir='ltr'><strong>Cyrene,</strong></span> <span class='ocrx_word' id='word_1_329' title='bbox 1246 3089 1291 3140; x_wconf 75' lang='lat' dir='ltr'><strong>Bi.</strong></span> 
     </span>
     <span class='ocr_line' id='line_1_36' title="bbox 191 3137 1294 3226; baseline 0.025 -40"><span class='ocrx_word' id='word_1_330' title='bbox 191 3137 237 3187; x_wconf 90' lang='lat' dir='ltr'><strong>nbi</strong></span> <span class='ocrx_word' id='word_1_331' title='bbox 248 3141 427 3204; x_wconf 86' lang='lat' dir='ltr'><strong>constitutum,</strong></span> <span class='ocrx_word' id='word_1_332' title='bbox 438 3157 493 3191; x_wconf 84' lang='lat' dir='ltr'><strong>moe</strong></span> <span class='ocrx_word' id='word_1_333' title='bbox 511 3141 571 3206; x_wconf 88' lang='lat' dir='ltr'><strong>l&#39;uit,</strong></span> <span class='ocrx_word' id='word_1_334' title='bbox 588 3149 618 3192; x_wconf 91' lang='lat' dir='ltr'><strong>ut</strong></span> <span class='ocrx_word' id='word_1_335' title='bbox 638 3143 723 3208; x_wconf 75' lang='lat' dir='ltr'><strong>desig·</strong></span> <span class='ocrx_word' id='word_1_336' title='bbox 763 3152 862 3215; x_wconf 81' lang='lat' dir='ltr'><strong>thynis,</strong></span> <span class='ocrx_word' id='word_1_337' title='bbox 879 3153 990 3216; x_wconf 86' lang='lat' dir='ltr'><strong>Pontus,</strong></span> <span class='ocrx_word' id='word_1_338' title='bbox 1012 3156 1141 3222; x_wconf 75' lang='lat' dir='ltr'><strong>Sardinia,</strong></span> <span class='ocrx_word' id='word_1_339' title='bbox 1165 3161 1294 3226; x_wconf 75' lang='lat' dir='ltr'><strong>Hispanis</strong></span> 
     </span>
     <span class='ocr_line' id='line_1_37' title="bbox 191 3216 1292 3298; baseline 0.024 -35"><span class='ocrx_word' id='word_1_340' title='bbox 191 3216 248 3264; x_wconf 83' lang='lat' dir='ltr'><strong>neti</strong></span> <span class='ocrx_word' id='word_1_341' title='bbox 270 3221 322 3265; x_wconf 88' lang='lat' dir='ltr'><strong>tum</strong></span> <span class='ocrx_word' id='word_1_342' title='bbox 335 3217 461 3268; x_wconf 86' lang='lat' dir='ltr'><strong>Consules</strong></span> <span class='ocrx_word' id='word_1_343' title='bbox 473 3225 527 3268; x_wconf 90' lang='lat' dir='ltr'><strong>tum</strong></span> <span class='ocrx_word' id='word_1_344' title='bbox 535 3219 723 3270; x_wconf 79' lang='lat' dir='ltr'><strong>Praetorescse</strong></span> <span class='ocrx_word' id='word_1_345' title='bbox 764 3230 873 3290; x_wconf 74' lang='lat' dir='ltr'><strong>Baetica,</strong></span> <span class='ocrx_word' id='word_1_346' title='bbox 891 3231 998 3280; x_wconf 77' lang='lat' dir='ltr'><strong>Senatui</strong></span> <span class='ocrx_word' id='word_1_347' title='bbox 1015 3235 1162 3298; x_wconf 74' lang='lat' dir='ltr'><strong>permisere,</strong></span> <span class='ocrx_word' id='word_1_348' title='bbox 1181 3239 1292 3292; x_wconf 76' lang='lat' dir='ltr'><strong>Caescria</strong></span> 
     </span>
     <span class='ocr_line' id='line_1_38' title="bbox 188 3291 1292 3368; baseline 0.017 -28"><span class='ocrx_word' id='word_1_349' title='bbox 188 3291 232 3340; x_wconf 86' lang='lat' dir='ltr'><strong>vel</strong></span> <span class='ocrx_word' id='word_1_350' title='bbox 243 3293 407 3357; x_wconf 83' lang='lat' dir='ltr'><strong>sortirentur,</strong></span> <span class='ocrx_word' id='word_1_351' title='bbox 418 3294 461 3343; x_wconf 87' lang='lat' dir='ltr'><strong>rel</strong></span> <span class='ocrx_word' id='word_1_352' title='bbox 470 3295 539 3344; x_wconf 84' lang='lat' dir='ltr'><strong>inter</strong></span> <span class='ocrx_word' id='word_1_353' title='bbox 548 3309 577 3344; x_wconf 90' lang='lat' dir='ltr'><strong>se</strong></span> <span class='ocrx_word' id='word_1_354' title='bbox 588 3309 722 3357; x_wconf 78' lang='lat' dir='ltr'><strong>compute·</strong></span> <span class='ocrx_word' id='word_1_355' title='bbox 761 3319 823 3354; x_wconf 68' lang='lat' dir='ltr'><strong>vero</strong></span> <span class='ocrx_word' id='word_1_356' title='bbox 840 3303 978 3356; x_wconf 61' lang='lat' dir='ltr'><strong>Praefectis</strong></span> <span class='ocrx_word' id='word_1_357' title='bbox 988 3309 1111 3360; x_wconf 69' lang='lat' dir='ltr'><strong>suberant</strong></span> <span class='ocrx_word' id='word_1_358' title='bbox 1122 3312 1216 3366; x_wconf 72' lang='lat' dir='ltr'><strong>Gattiae</strong></span> <span class='ocrx_word' id='word_1_359' title='bbox 1226 3318 1292 3368; x_wconf 63' lang='lat' dir='ltr'><strong>Nar.</strong></span> 
     </span>
     <span class='ocr_line' id='line_1_39' title="bbox 189 3369 1292 3457; baseline 0.029 -44"><span class='ocrx_word' id='word_1_360' title='bbox 189 3373 265 3428; x_wconf 80' lang='lat' dir='ltr'><strong>rent3</strong></span> <span class='ocrx_word' id='word_1_361' title='bbox 284 3375 338 3418; x_wconf 90' lang='lat' dir='ltr'><strong>tum</strong></span> <span class='ocrx_word' id='word_1_362' title='bbox 357 3370 378 3417; x_wconf 87' lang='lat' dir='ltr'><strong>si</strong></span> <span class='ocrx_word' id='word_1_363' title='bbox 395 3369 491 3418; x_wconf 85' lang='lat' dir='ltr'><strong>bellum</strong></span> <span class='ocrx_word' id='word_1_364' title='bbox 503 3370 654 3431; x_wconf 73' lang='lat' dir='ltr'><strong>gerendum,</strong></span> <span class='ocrx_word' id='word_1_365' title='bbox 674 3371 720 3420; x_wconf 79' lang='lat' dir='ltr'><strong>lm·</strong></span> <span class='ocrx_word' id='word_1_366' title='bbox 760 3381 890 3444; x_wconf 86' lang='lat' dir='ltr'><strong>bonensis,</strong></span> <span class='ocrx_word' id='word_1_367' title='bbox 900 3382 1082 3451; x_wconf 75' lang='lat' dir='ltr'><strong>Lugdunensis,</strong></span> <span class='ocrx_word' id='word_1_368' title='bbox 1090 3389 1254 3457; x_wconf 75' lang='lat' dir='ltr'><strong>Aquitanica,</strong></span> <span class='ocrx_word' id='word_1_369' title='bbox 1262 3405 1292 3446; x_wconf 88' lang='lat' dir='ltr'><strong>ct</strong></span> 
     </span>
     <span class='ocr_line' id='line_1_40' title="bbox 187 3443 1288 3531; baseline 0.028 -41"><span class='ocrx_word' id='word_1_370' title='bbox 187 3443 305 3506; x_wconf 83' lang='lat' dir='ltr'><strong>perium;</strong></span> <span class='ocrx_word' id='word_1_371' title='bbox 323 3444 363 3492; x_wconf 86' lang='lat' dir='ltr'><strong>sin</strong></span> <span class='ocrx_word' id='word_1_372' title='bbox 375 3445 467 3506; x_wconf 89' lang='lat' dir='ltr'><strong>minus,</strong></span> <span class='ocrx_word' id='word_1_373' title='bbox 486 3447 541 3494; x_wconf 83' lang='lat' dir='ltr'><strong>aule</strong></span> <span class='ocrx_word' id='word_1_374' title='bbox 552 3447 720 3510; x_wconf 70' lang='lat' dir='ltr'><strong>potestastis·</strong></span> <span class='ocrx_word' id='word_1_375' title='bbox 761 3457 869 3522; x_wconf 84' lang='lat' dir='ltr'><strong>Celtice,</strong></span> <span class='ocrx_word' id='word_1_376' title='bbox 879 3457 1006 3523; x_wconf 80' lang='lat' dir='ltr'><strong>Hisponis</strong></span> <span class='ocrx_word' id='word_1_377' title='bbox 1014 3463 1223 3531; x_wconf 75' lang='lat' dir='ltr'><strong>Tarraconensis,</strong></span> <span class='ocrx_word' id='word_1_378' title='bbox 1237 3473 1288 3520; x_wconf 85' lang='lat' dir='ltr'><strong>Lu·</strong></span> 
     </span>
     <span class='ocr_line' id='line_1_41' title="bbox 189 3517 1287 3611; baseline 0.025 -41"><span class='ocrx_word' id='word_1_379' title='bbox 189 3517 285 3566; x_wconf 71' lang='lat' dir='ltr'><strong>betur:</strong></span> <span class='ocrx_word' id='word_1_380' title='bbox 298 3519 393 3569; x_wconf 78' lang='lat' dir='ltr'><strong>delude</strong></span> <span class='ocrx_word' id='word_1_381' title='bbox 406 3535 463 3584; x_wconf 73' lang='lat' dir='ltr'><strong>quae</strong></span> <span class='ocrx_word' id='word_1_382' title='bbox 482 3521 593 3572; x_wconf 70' lang='lat' dir='ltr'><strong>latitudo</strong></span> <span class='ocrx_word' id='word_1_383' title='bbox 611 3523 720 3574; x_wconf 73' lang='lat' dir='ltr'><strong>Provin-</strong></span> <span class='ocrx_word' id='word_1_384' title='bbox 762 3535 863 3597; x_wconf 84' lang='lat' dir='ltr'><strong>situuie,</strong></span> <span class='ocrx_word' id='word_1_385' title='bbox 882 3535 1031 3602; x_wconf 77' lang='lat' dir='ltr'><strong>Caeleayris,</strong></span> <span class='ocrx_word' id='word_1_386' title='bbox 1042 3541 1176 3605; x_wconf 80' lang='lat' dir='ltr'><strong>Phoenice,</strong></span> <span class='ocrx_word' id='word_1_387' title='bbox 1187 3546 1287 3611; x_wconf 85' lang='lat' dir='ltr'><strong>Cilicia,</strong></span> 
     </span>
     <span class='ocr_line' id='line_1_42' title="bbox 188 3595 1023 3681; baseline 0.018 -36"><span class='ocrx_word' id='word_1_388' title='bbox 188 3595 319 3663; x_wconf 81' lang='lat' dir='ltr'><strong>cie,quot</strong></span> <span class='ocrx_word' id='word_1_389' title='bbox 337 3598 464 3664; x_wconf 76' lang='lat' dir='ltr'><strong>legiones,</strong></span> <span class='ocrx_word' id='word_1_390' title='bbox 475 3599 545 3666; x_wconf 90' lang='lat' dir='ltr'><strong>quod</strong></span> <span class='ocrx_word' id='word_1_391' title='bbox 562 3601 721 3666; x_wconf 87' lang='lat' dir='ltr'><strong>stipendium</strong></span> <span class='ocrx_word' id='word_1_392' title='bbox 762 3611 1023 3681; x_wconf 70' lang='lat' dir='ltr'><strong>Cyprus,AEgyptu1,</strong></span> 
     </span>
    </p>
   </div>
   <div class='ocr_carea' id='block_1_3' title="bbox 607 3751 867 3820">
    <p class='ocr_par' dir='ltr' id='par_1_3' title="bbox 607 3751 867 3820">
     <span class='ocr_line' id='line_1_43' title="bbox 607 3751 867 3820; baseline 0 -2"><span class='ocrx_word' id='word_1_393' title='bbox 607 3751 867 3820; x_wconf 82' lang='lat' dir='ltr'><strong>DICTATOR.</strong></span> 
     </span>
    </p>
   </div>
   <div class='ocr_carea' id='block_1_4' title="bbox 184 3885 1286 4342">
    <p class='ocr_par' dir='ltr' id='par_1_4' title="bbox 184 3885 1286 4342">
     <span class='ocr_line' id='line_1_44' title="bbox 220 3885 1285 3965; baseline 0.018 -31"><span class='ocrx_word' id='word_1_394' title='bbox 220 3885 304 3936; x_wconf 81' lang='grc' dir='ltr'><strong>Αιιιιο</strong></span> <span class='ocrx_word' id='word_1_395' title='bbox 326 3889 387 3951; x_wconf 90' lang='lat' dir='ltr'><strong>post</strong></span> <span class='ocrx_word' id='word_1_396' title='bbox 405 3887 489 3951; x_wconf 71' lang='lat' dir='ltr'><strong>Reges</strong></span> <span class='ocrx_word' id='word_1_397' title='bbox 510 3894 617 3939; x_wconf 80' lang='lat' dir='ltr'><strong>exectos</strong></span> <span class='ocrx_word' id='word_1_398' title='bbox 639 3904 717 3951; x_wconf 90' lang='lat' dir='ltr'><strong>nono,</strong></span> <span class='ocrx_word' id='word_1_399' title='bbox 757 3890 836 3952; x_wconf 75' lang='lat' dir='ltr'><strong>mugis</strong></span> <span class='ocrx_word' id='word_1_400' title='bbox 847 3888 902 3940; x_wconf 83' lang='lat' dir='ltr'><strong>fore</strong></span> <span class='ocrx_word' id='word_1_401' title='bbox 911 3891 1033 3942; x_wconf 81' lang='lat' dir='ltr'><strong>Patribus</strong></span> <span class='ocrx_word' id='word_1_402' title='bbox 1045 3894 1126 3945; x_wconf 83' lang='lat' dir='ltr'><strong>risum</strong></span> <span class='ocrx_word' id='word_1_403' title='bbox 1143 3904 1194 3960; x_wconf 86' lang='lat' dir='ltr'><strong>est,</strong></span> <span class='ocrx_word' id='word_1_404' title='bbox 1207 3915 1285 3965; x_wconf 86' lang='lat' dir='ltr'><strong>quem</strong></span> 
     </span>
     <span class='ocr_line' id='line_1_45' title="bbox 187 3961 1286 4041; baseline 0.011 -30"><span class='ocrx_word' id='word_1_405' title='bbox 187 3968 247 4026; x_wconf 86' lang='lat' dir='ltr'><strong>post</strong></span> <span class='ocrx_word' id='word_1_406' title='bbox 256 3961 355 4013; x_wconf 88' lang='lat' dir='ltr'><strong>Urbem</strong></span> <span class='ocrx_word' id='word_1_407' title='bbox 364 3962 496 4012; x_wconf 86' lang='lat' dir='ltr'><strong>eonditum</strong></span> <span class='ocrx_word' id='word_1_408' title='bbox 505 3967 562 4012; x_wconf 74' lang='lat' dir='ltr'><strong>tte.</strong></span> <span class='ocrx_word' id='word_1_409' title='bbox 573 3977 632 4013; x_wconf 87' lang='lat' dir='ltr'><strong>cum</strong></span> <span class='ocrx_word' id='word_1_410' title='bbox 642 3977 717 4012; x_wconf 86' lang='lat' dir='ltr'><strong>omne</strong></span> <span class='ocrx_word' id='word_1_411' title='bbox 758 3966 1106 4034; x_wconf 73' lang='lat' dir='ltr'><strong>siMegistrstuscrearetur,</strong></span> <span class='ocrx_word' id='word_1_412' title='bbox 1117 3986 1196 4034; x_wconf 88' lang='lat' dir='ltr'><strong>penes</strong></span> <span class='ocrx_word' id='word_1_413' title='bbox 1209 3991 1286 4041; x_wconf 76' lang='lat' dir='ltr'><strong>quem</strong></span> 
     </span>
     <span class='ocr_line' id='line_1_46' title="bbox 186 4037 1286 4108; baseline 0.018 -22"><span class='ocrx_word' id='word_1_414' title='bbox 186 4037 308 4087; x_wconf 80' lang='lat' dir='ltr'><strong>Letinum</strong></span> <span class='ocrx_word' id='word_1_415' title='bbox 316 4051 408 4088; x_wconf 87' lang='lat' dir='ltr'><strong>nomen</strong></span> <span class='ocrx_word' id='word_1_416' title='bbox 418 4045 524 4088; x_wconf 76' lang='lat' dir='ltr'><strong>auctore</strong></span> <span class='ocrx_word' id='word_1_417' title='bbox 532 4039 649 4089; x_wconf 79' lang='lat' dir='ltr'><strong>Mamilio</strong></span> <span class='ocrx_word' id='word_1_418' title='bbox 657 4039 717 4088; x_wconf 83' lang='lat' dir='ltr'><strong>Ter·</strong></span> <span class='ocrx_word' id='word_1_419' title='bbox 759 4045 858 4090; x_wconf 79' lang='lat' dir='ltr'><strong>summe</strong></span> <span class='ocrx_word' id='word_1_420' title='bbox 869 4041 930 4091; x_wconf 88' lang='lat' dir='ltr'><strong>betti</strong></span> <span class='ocrx_word' id='word_1_421' title='bbox 940 4043 1063 4108; x_wconf 76' lang='lat' dir='ltr'><strong>pacisque</strong></span> <span class='ocrx_word' id='word_1_422' title='bbox 1074 4053 1190 4108; x_wconf 78' lang='lat' dir='ltr'><strong>potestus</strong></span> <span class='ocrx_word' id='word_1_423' title='bbox 1202 4065 1286 4107; x_wconf 80' lang='lat' dir='ltr'><strong>creet:</strong></span> 
     </span>
     <span class='ocr_line' id='line_1_47' title="bbox 186 4115 1286 4194; baseline 0.009 -31"><span class='ocrx_word' id='word_1_424' title='bbox 186 4116 267 4179; x_wconf 85' lang='lat' dir='ltr'><strong>quiuii</strong></span> <span class='ocrx_word' id='word_1_425' title='bbox 285 4131 383 4180; x_wconf 74' lang='lat' dir='ltr'><strong>genero</strong></span> <span class='ocrx_word' id='word_1_426' title='bbox 401 4118 427 4166; x_wconf 92' lang='lat' dir='ltr'><strong>in</strong></span> <span class='ocrx_word' id='word_1_427' title='bbox 439 4117 569 4168; x_wconf 75' lang='lat' dir='ltr'><strong>Romanos</strong></span> <span class='ocrx_word' id='word_1_428' title='bbox 585 4117 716 4182; x_wconf 83' lang='lat' dir='ltr'><strong>conjures·</strong></span> <span class='ocrx_word' id='word_1_429' title='bbox 758 4115 811 4182; x_wconf 90' lang='lat' dir='ltr'><strong>qui,</strong></span> <span class='ocrx_word' id='word_1_430' title='bbox 827 4115 896 4180; x_wconf 91' lang='lat' dir='ltr'><strong>quod</strong></span> <span class='ocrx_word' id='word_1_431' title='bbox 921 4118 1018 4180; x_wconf 88' lang='lat' dir='ltr'><strong>populo</strong></span> <span class='ocrx_word' id='word_1_432' title='bbox 1045 4131 1168 4182; x_wconf 74' lang='lat' dir='ltr'><strong>preesset</strong></span> <span class='ocrx_word' id='word_1_433' title='bbox 1188 4127 1286 4194; x_wconf 62' lang='lat' dir='ltr'><strong>Magis.</strong></span> 
     </span>
     <span class='ocr_line' id='line_1_48' title="bbox 184 4193 1285 4270; baseline 0.017 -30"><span class='ocrx_word' id='word_1_434' title='bbox 184 4199 238 4251; x_wconf 92' lang='lat' dir='ltr'><strong>aet,</strong></span> <span class='ocrx_word' id='word_1_435' title='bbox 246 4193 371 4258; x_wconf 82' lang='lat' dir='ltr'><strong>plebsque</strong></span> <span class='ocrx_word' id='word_1_436' title='bbox 382 4209 435 4244; x_wconf 83' lang='lat' dir='ltr'><strong>tere</strong></span> <span class='ocrx_word' id='word_1_437' title='bbox 444 4196 529 4245; x_wconf 88' lang='lat' dir='ltr'><strong>alieno</strong></span> <span class='ocrx_word' id='word_1_438' title='bbox 539 4209 663 4260; x_wconf 76' lang='lat' dir='ltr'><strong>oppressa</strong></span> <span class='ocrx_word' id='word_1_439' title='bbox 671 4196 716 4246; x_wconf 80' lang='lat' dir='ltr'><strong>de.</strong></span> <span class='ocrx_word' id='word_1_440' title='bbox 758 4199 801 4244; x_wconf 88' lang='lat' dir='ltr'><strong>ter</strong></span> <span class='ocrx_word' id='word_1_441' title='bbox 811 4193 909 4258; x_wconf 89' lang='lat' dir='ltr'><strong>populi,</strong></span> <span class='ocrx_word' id='word_1_442' title='bbox 917 4195 985 4260; x_wconf 89' lang='lat' dir='ltr'><strong>quod</strong></span> <span class='ocrx_word' id='word_1_443' title='bbox 997 4210 1013 4245; x_wconf 87' lang='lat' dir='ltr'><strong>e</strong></span> <span class='ocrx_word' id='word_1_444' title='bbox 1024 4196 1135 4251; x_wconf 86' lang='lat' dir='ltr'><strong>Consule</strong></span> <span class='ocrx_word' id='word_1_445' title='bbox 1146 4202 1285 4270; x_wconf 85' lang='lat' dir='ltr'><strong>diceretur,</strong></span> 
     </span>
     <span class='ocr_line' id='line_1_49' title="bbox 185 4271 1284 4342; baseline 0.012 -22"><span class='ocrx_word' id='word_1_446' title='bbox 185 4275 312 4321; x_wconf 76' lang='lat' dir='ltr'><strong>ereetum</strong></span> <span class='ocrx_word' id='word_1_447' title='bbox 328 4271 456 4334; x_wconf 77' lang='lat' dir='ltr'><strong>militium,</strong></span> <span class='ocrx_word' id='word_1_448' title='bbox 472 4273 560 4323; x_wconf 90' lang='lat' dir='ltr'><strong>nibile</strong></span> <span class='ocrx_word' id='word_1_449' title='bbox 573 4273 717 4337; x_wconf 87' lang='lat' dir='ltr'><strong>republica</strong></span> <span class='ocrx_word' id='word_1_450' title='bbox 757 4271 879 4322; x_wconf 88' lang='lat' dir='ltr'><strong>Dictator</strong></span> <span class='ocrx_word' id='word_1_451' title='bbox 900 4272 974 4336; x_wconf 81' lang='lat' dir='ltr'><strong>vulgo</strong></span> <span class='ocrx_word' id='word_1_452' title='bbox 995 4285 1156 4342; x_wconf 87' lang='lat' dir='ltr'><strong>nuncupatus</strong></span> <span class='ocrx_word' id='word_1_453' title='bbox 1178 4292 1226 4333; x_wconf 88' lang='lat' dir='ltr'><strong>est.</strong></span> <span class='ocrx_word' id='word_1_454' title='bbox 1252 4297 1284 4334; x_wconf 87' lang='grc' dir='ltr'><strong>ιι.</strong></span> 
     </span>
    </p>
   </div>
   <div class='ocr_carea' id='block_1_5' title="bbox 0 0 1558 4894">
    <p class='ocr_par' dir='ltr' id='par_1_5' title="bbox 0 0 1558 4894">
     <span class='ocr_line' id='line_1_50' title="bbox 0 0 1558 4894; baseline 0 8"><span class='ocrx_word' id='word_1_455' title='bbox 0 0 1558 4894; x_wconf 95' lang='lat' dir='ltr'><strong> </strong></span> 
     </span>
    </p>
   </div>
  </div>
 </body>
</html>
