3050 4890
250 389 295 456 12
698 407 901 456 caesario.

249 547 379 627 Poste,
402 547 461 612 alii
475 567 581 614 novas
595 549 719 614 cudunt
740 549 875 614 dicendi
894 548 1066 628 formulas,
1089 553 1125 614 ut
1138 549 1239 614 risum
1255 549 1348 614 exci-

250 657 335 728 tent,
351 655 389 715 ut
403 650 574 714 inimicum
590 658 751 734 pungant,
765 653 826 715 &c
852 651 929 734 quis
953 669 1068 714 corum
1089 650 1215 733 scripta
1236 669 1258 714 a
1276 667 1347 713 mo-

249 753 365 818 nacbis
386 753 499 818 medio
519 772 595 818 aevo
610 752 762 818 conlecta
785 752 895 818 dicere
909 752 1097 818 sustinenti
1141 751 1243 830 Quod
1266 752 1297 814 si
1311 752 1346 814 iu

250 855 411 939 scriptore
433 855 582 938 quodam
596 854 762 919 vocabula
786 859 974 932 occurrunt,
1001 853 1060 917 diu
1083 853 1242 936 postilla
1264 857 1347 916 tcm-

249 975 345 1040 pora,
353 958 474 1040 quibus
482 959 612 1022 vixisse
627 957 763 1035 dicitur,
773 957 908 1021 demum
921 957 1115 1038 excogitata
1129 960 1186 1019 aut
1197 955 1347 1032 iuventa;

249 1059 304 1125 vel
325 1068 438 1126 textus
448 1066 623 1142 corruptus
638 1067 703 1138 est,
724 1059 778 1124 vel
793 1059 906 1141 glossa
921 1059 1079 1135 soedatus,
1096 1057 1151 1120 rel
1165 1062 1253 1122 totns
1266 1057 1348 1120 liber

251 1163 295 1226 ab
310 1164 491 1245 impostore
515 1163 721 1245 suppositus.
767 1161 854 1241 Quis
879 1170 992 1226 autem
1013 1179 1130 1245 quaeso
1152 1158 1266 1224 statim
1288 1176 1347 1220 vo-

250 1263 378 1328 ciferari
392 1263 491 1340 ausit,
507 1263 661 1328 ultimam
674 1265 839 1328 rationem
854 1264 977 1340 valere,
993 1271 1026 1326 et
1039 1264 1162 1326 librum
1176 1281 1252 1326 erse
1268 1279 1347 1343 sup-

249 1363 610 1448 posititiuml—Viris
622 1385 701 1448 ergo
717 1366 907 1448 ceteroquin
918 1365 1133 1442 doctissimis,
1147 1365 1205 1446 qui
1218 1366 1348 1426 tantum

250 1463 428 1547 Epitomen
447 1463 575 1530 Valerii
591 1466 700 1530 adhuc
715 1485 890 1550 superesse
905 1471 939 1531 et
960 1465 1164 1531 circumferri
1184 1469 1347 1539 statuunt,

248 1565 440 1649 ueuflquam
456 1585 546 1648 queo
561 1568 778 1632 subscribere.
821 1567 932 1632 Multo
947 1569 1056 1632 minus
1078 1587 1116 1632 se
1129 1565 1211 1630 mibi
1226 1563 1349 1648 probat

251 1667 418 1750 opinioS.
430 1666 474 1730 R.
490 1667 635 1732 Boclrii'
626 1687 661 1732 ιιι
680 1668 927 1733 ‘Grundriss'
897 1667 1266 1749 ernerVertheidignug
1288 1663 1349 1728 der

251 1765 1182 1872 cunsuichcnlteligionwiderdieFeindeundspbtter:
1188 1768 1348 1831 cuivcro-

250 1837 358 1935 simile
375 1871 548 1948 videtur,'
538 1891 573 1935 ru
588 1871 698 1956 Opere
709 1870 896 1938 Valeriano
910 1873 1112 1938 mentionem
1127 1869 1282 1954 injectam
1296 1867 1347 1930 ln-

248 1971 318 2036 isse
338 1971 424 2036 Jesu
439 1971 566 2036 Christi
581 1973 721 2058 ejusque
743 1995 852 2040 rerum
865 1983 1048 2059 gestarum,
1065 1971 1124 2037 sed
1138 1978 1242 2036 totum
1254 1969 1348 2034 illam

248 2071 448 2156 particulam
462 2073 641 2138 interiisse.
678 2073 804 2140 Vereor
817 2078 917 2155 enim,
930 2077 1099 2142 utmultos
1111 2073 1263 2138 inveniat
1274 2089 1348 2135 sec·

199 2221 207 2230 .
249 2179 384 2240 tutores.
427 2171 486 2253 At,
513 2175 637 2259 inquis,
667 2176 850 2242 Januarius
876 2179 1091 2264 Nepotianus
1116 2175 1290 2241 Valerium
1311 2173 1348 2236 iu

249 2277 484 2360 compendium
509 2277 645 2361 redegit,
671 2279 720 2343 uti
745 2299 791 2344 ex
819 2281 895 2365 ejus
918 2280 1075 2364 Epistola
1091 2283 1238 2354 constat,
1253 2273 1348 2359 (vide

251 2375 442 2441 Fabricium
456 2377 522 2442 loc.
532 2376 607 2460 cit.)
649 2379 808 2445 Libenter
822 2382 985 2447 concedo.
1029 2378 1232 2464 Composuit
1246 2376 1348 2441 etiam

248 2473 426 2557 Epitomcn
452 2473 581 2539 Valerii
607 2476 666 2541 Jo.
690 2480 875 2556 Honorius,
904 2485 1090 2557 Bohemus,
1124 2481 1216 2542 circa
1248 2477 1348 2541 finem

249 2576 366 2642 saeculi
382 2591 447 2640 xv.
490 2572 547 2639 Au
561 2576 635 2641 ideo
651 2576 809 2644 Valerius
830 2587 942 2645 noster
957 2581 1108 2646 Honorio
1129 2577 1347 2644 ascribendus

248 2677 557 2742 cett-Habemus
580 2699 658 2764 ergo
683 2681 783 2745 etiam
815 2701 902 2746 nunc
929 2680 1058 2747 Valerii
1090 2682 1195 2747 libros
1226 2699 1348 2746 novem

248 2779 407 2862 integros,
431 2781 532 2844 sicuti
547 2781 628 2846 olim
642 2781 759 2848 habuit
774 2783 905 2850 Plinius
920 2785 1040 2868 major,
1062 2784 1252 2848 habueruut
1266 2782 1348 2847 Gel-

248 2879 316 2945 lius
338 2888 371 2946 et
385 2881 597 2962 Plutarchus,
620 2885 720 2950 sicuti
744 2887 787 2950 ab
809 2888 888 2970 ipso
905 2888 1042 2955 Valerio
1064 2888 1099 2951 iu
1120 2885 1241 2968 vulgus
1266 2881 1347 2947 editi

249 2985 337 3048 suut.
381 2981 549 3048 Caeterum
578 2985 653 3068 ipse
679 2991 795 3051 auctor
821 3007 910 3072 opus
939 3007 1037 3052 suum
1067 2989 1103 3052 in
1127 2987 1231 3051 libros
1259 2985 1347 3049 etin

249 3086 362 3170 capita
391 3084 514 3164 divisit,
546 3088 636 3170 quod
664 3107 709 3152 ex
736 3091 852 3154 multis
881 3090 964 3155 locis
990 3094 1180 3174 apparete.
1205 3109 1234 3170 g.
1263 3101 1346 3149 vrrr.

248 3187 300 3252 1³.
324 3187 366 3252 ab
388 3187 458 3253 init.
503 3189 607 3255 Tituli
626 3210 706 3256 vero
730 3193 965 3275 exemplorum,
988 3193 1048 3274 qui
1074 3193 1109 3254 in
1134 3189 1347 3254 Editionibns

249 3287 371 3372 Pigbio
382 3291 546 3372 prioribus
560 3291 722 3357 adduntur
737 3300 770 3357 et
780 3293 949 3358 Glareano
965 3311 1058 3376 saepe
1071 3293 1209 3358 maltum
1220 3289 1347 3373 negotii

248 3389 467 3469 lacesserunt,
478 3411 544 3455 non
556 3400 632 3458 sunt
646 3392 823 3472 aValerio,
841 3394 900 3458 sed
914 3393 1193 3470 aGrummaticis,
1204 3392 1346 3474 ideoque

248 3511 308 3558 cos
322 3493 438 3558 merito
453 3493 567 3577 rejecit
578 3493 726 3576 Pighius,
735 3515 798 3560 uec
810 3497 843 3561 in
855 3495 1011 3562 Editioue
1020 3499 1154 3560 vetusta
1170 3495 1242 3559 sine
1259 3511 1346 3556 anno

248 3597 284 3657 et
294 3593 372 3658 loco
389 3599 594 3676 comparent.

291 3693 360 3758 Sed
373 3695 446 3760 haec
462 3695 633 3761 hacteuus.
678 3698 769 3763 Nam
784 3700 884 3782 pluro
899 3699 1067 3783 persequi,
1077 3705 1109 3765 et
1124 3697 1275 3763 criticam
1290 3696 1345 3760 de-

248 3797 464 3879 scriptionem
500 3798 653 3864 codicum
684 3801 769 3865 Mss.
797 3809 899 3886 atque
928 3802 1120 3866 Editiouam
1156 3801 1345 3886 principum

247 3895 375 3964 Valerii
396 3899 574 3983 adjungere
596 3909 666 3967 tum
688 3905 916 3968 atrocissimus
938 3911 970 3968 et
982 3901 1172 3968 mortiferus
1194 3901 1344 3975 morbus,

248 4017 270 4064 a
293 4019 361 4084 quo
382 4009 463 4083 post
476 4001 602 4066 multos
627 4023 761 4068 meuses
787 4005 944 4087 singulari
965 4005 1030 4069 Dei
1056 4023 1123 4088 ope
1145 4010 1180 4067 et
1202 3999 1343 4066 mirifico

247 4101 374 4166 auxilio
398 4101 528 4166 demum
550 4103 709 4170 liberatus
731 4125 816 4183 sum,
843 4111 913 4169 turn
935 4105 1109 4170 festinatio
1136 4101 1343 4185 bibliopclae,

247 4201 305 4288 qui
321 4199 393 4286 jam
407 4221 468 4285 per
482 4205 642 4288 integrum
657 4213 811 4271 semestre
833 4205 875 4272 de
898 4225 992 4272 mora
1014 4215 1154 4291 questus
1181 4211 1246 4282 est,
1268 4221 1344 4285 prc-
