3108 4894
273 379 337 445 160
584 395 742 443 vsuunrt
768 394 915 442 uantur
942 395 1012 444 nra.
1036 397 1061 442 r.

272 549 398 606 tumore
407 539 433 578 ²⁸
469 539 685 623 protraheret,
715 540 951 624 abjectumque
993 538 1218 604 Macedonico
1248 558 1368 623 pugne,

271 661 337 706 non
347 640 484 722 effigiem
494 640 596 716 solis,
606 659 708 724 quarn
718 641 949 705 tantummodo
960 639 1369 724 supplicibnscesserut,²⁹

272 743 330 808 sed
342 744 455 827 ipsum
470 742 582 808 Solem
596 763 631 806 re
650 763 729 808 vere
742 743 927 826 relinquere
944 735 1103 825 cogeret!
1115 751 1128 779 ¹¹
1140 747 1152 799 ²

313 844 346 908 9.
368 842 538 909 Annotutu
553 844 689 925 dignum
706 844 788 907 illud
804 863 942 926 quoqne
968 863 1074 921 omen,
1098 847 1162 909 sub
1186 863 1254 928 qno
1275 844 1367 908 Peti-

271 945 359 1011 lina⁰
381 947 501 1010 consul
528 946 562 1008 in
593 947 752 1028 LiguriaP
773 945 895 1010 bellum
923 965 1039 1030 gerens
1069 947 1233 1012 oceidit.³⁰
1277 945 1367 1010 Num

297 1143 310 1186 i
328 1142 357 1191 G.
371 1143 479 1192 Cossium
489 1142 540 1191 suis
548 1142 640 1204 puriter
650 1141 724 1205 ipsius
734 1142 818 1204 omlis,
833 1145 863 1192 de
868 1141 958 1202 futuru
969 1143 1035 1193 clade
1047 1145 1155 1194 Fortuna
1165 1145 1296 1207 admonitii,
1311 1145 1367 1194 rsus

269 1209 344 1257 noluit
354 1207 419 1255 illum
429 1209 566 1269 respondere
577 1205 654 1255 Solem
664 1223 679 1254 u
689 1222 714 1255 se
729 1207 830 1270 relinqui
842 1208 952 1270 Rhodiis,
969 1208 1010 1270 qui
1029 1209 1058 1256 ab
1076 1225 1102 1258 eo
1120 1209 1240 1272 petebant,
1255 1224 1285 1258 ue
1304 1207 1367 1270 ipsus

268 1272 380 1335 spoliaret
389 1271 495 1319 omnibus
505 1271 637 1320 simulacris
648 1271 752 1319 Deorum
762 1289 771 1321 .·
786 1277 813 1319 stt
823 1277 922 1332 swerd
931 1273 1088 1335 petulantium
1102 1274 1201 1321 victorie
1211 1265 1366 1336 rapacissimi,

267 1336 363 1400 superio
374 1350 492 1398 responso,
502 1340 525 1384 et
536 1335 603 1384 illum
613 1341 706 1396 cogerer
716 1334 806 1394 adiecta
816 1341 902 1385 temere
912 1351 953 1399 spe
961 1337 1067 1386 victorin
1076 1343 1129 1399 post
1139 1351 1243 1400 pugnum
1252 1337 1277 1385 irs
1288 1338 1373 1387 Mare*

268 1401 340 1450 dosia
357 1401 447 1461 Mons,
464 1399 595 1462 relinquere
610 1415 656 1448 nors
674 1405 767 1448 tantem
785 1399 848 1448 Solis
862 1400 1000 1462 imaginun,
1016 1417 1085 1463 quum
1102 1405 1244 1451 concesserat
1265 1406 1368 1451 tautum·

268 1465 336 1514 modo
346 1463 449 1514 Riodiis
457 1463 606 1528 supplicibus,
623 1466 665 1514 sed
675 1464 747 1514 etium
756 1477 838 1514 rerem
847 1465 921 1515 iurem
932 1464 996 1516 Solis
1005 1479 1030 1515 rs
1040 1465 1172 1516 ocridmdo.

730 1607 912 1628 mm

268 1705 346 1758 codd.
357 1720 414 1756 oum
426 1707 488 1756 Vet.
499 1706 557 1756 niati
567 1705 665 1756 timore:
683 1707 708 1756 lu
717 1708 825 1758 Veneti.
836 1709 896 1758 dicti
906 1708 999 1758 timere.
1027 1709 1091 1758 Mox
1102 1707 1129 1758 in
1142 1707 1295 1772 quibusdem
1306 1708 1365 1758 edd.

268 1785 305 1821 se.
319 1771 393 1832 rign.
406 1771 489 1820 Celer.
500 1772 577 1835 Thyn.
591 1771 685 1834 Delph.
697 1771 797 1821 Minall.
806 1775 855 1823 irc.
864 1772 1029 1837 pertraheret.-
1046 1781 1074 1821 at
1085 1773 1111 1822 in
1125 1773 1221 1822 Brund.
1234 1787 1292 1823 corn
1304 1773 1365 1822 Vet.

268 1835 458 1898 noqueunt,
472 1839 495 1883 1.
515 1840 539 1884 2.
557 1834 664 1885 Medioi.
684 1840 706 1886 1.
724 1840 750 1886 ².
771 1835 851 1886 Aldd.
870 1837 954 1887 Colin.
973 1837 1076 1900 Gryph.
1098 1837 1187 1886 cnuto.
1206 1844 1234 1886 et
1255 1837 1365 1902 Herbip.

265 1899 488 1962 munierit—29
505 1899 638 1960 Nonnulli,
653 1914 721 1962 quem
732 1934 739 1949 .
749 1936 756 1951 .
765 1935 772 1951 .
781 1907 898 1951 ermol:
914 1901 973 1950 cod.
985 1901 1106 1950 Perizon.
1116 1907 1269 1951 concesserat.
1301 1902 1365 1951 Mox

267 1963 346 2024 co'e'git
358 1978 405 2026 pro
415 1970 507 2026 regeret
518 1965 544 2012 in
553 1965 614 2014 Vei.
626 1965 697 2028 Meg.
709 1965 818 2016 Venett.
828 1971 851 2016 1.
861 1971 886 2016 i.
898 1963 1005 2014 Mediol.
1016 1971 1038 2015 l.
1046 1970 1070 2015 ὓ.
1083 1963 1161 2016 utun.
1171 1966 1254 2014 Calin.
1265 1965 1365 2030 Gryph.

267 2027 357 2090 Stepls.
372 2027 460 2078 Chele.
471 2027 584 2089 Herbip.
596 2029 668 2078 sliis:
687 2028 763 2078 codd.
780 2043 867 2080 omnes
880 2029 1020 2079 lectionem
1031 2037 1144 2079 nostram
1161 2035 1366 2080 rursusne-so

268 2090 339 2142 Edit.
358 2091 481 2158 antiquae,
493 2093 519 2144 in
531 2092 623 2157 quibus
638 2102 667 2144 et
677 2094 740 2145 Vet.
758 2109 816 2145 curn
836 2095 967 2160 plerisque
987 2095 1051 2144 Mra.
1067 2095 1253 2146 oenum-er
1272 2095 1365 2159 copes.

765 2222 875 2274 NOTAE

267 2333 313 2385 dio
325 2335 435 2400 Lyslppi
446 2335 574 2401 discipulo
591 2351 644 2387 asra
656 2335 726 2386 fusili
737 2350 797 2387 oon·
838 2337 966 2402 Velleius,
977 2338 1046 2388 Plut.
1060 2343 1087 2388 et
1097 2336 1149 2388 Dio
1162 2353 1169 2386 :
1188 2334 1304 2399 n'uepus
1314 2335 1366 2385 Oc·

268 2409 325 2461 deri
331 2411 434 2475 jubent,
446 2427 513 2461 anno
524 2411 614 2461 Mundi
625 2416 698 2462 otoo.
720 2412 798 2462 Urbis
838 2416 900 2465 tasii
912 2415 1004 2466 cestris
1016 2417 1114 2464 Brutos
1125 2415 1228 2478 equites
1236 2411 1372 2476 misit,qni'

267 2488 448 2538 eonditum.
482 2489 563 2538 Stetit
583 2489 663 2538 moles
681 2490 736 2538 lsaee
752 2491 797 2539 irn-
839 2491 973 2541 victoriam
996 2491 1148 2540 nuntiarent
1171 2489 1276 2538 Cassio:
1302 2501 1364 2550 qnos

268 2577 366 2622 mensa,
374 2575 406 2611 ex
416 2563 479 2626 aliis,
490 2577 535 2626 per
545 2577 624 2612 annos
635 2568 676 2614 td·
688 2579 719 2612 ex
731 2564 797 2627 sliis,
838 2567 913 2616 simul
924 2574 953 2616 ut
963 2568 1005 2616 ille
1017 2567 1107 2631 procul
1116 2565 1149 2614 ad
1158 2579 1186 2614 se
1196 2570 1366 2628 properantes

268 2638 361 2702 quibus
372 2653 421 2701 ego
434 2639 571 2700 assentior,
588 2644 627 2689 81.
647 2641 798 2706 corruitque
838 2641 913 2706 vidit,
926 2644 1004 2706 jussit
1014 2641 1142 2704 Titinnio,
1158 2647 1196 2702 ut,
1210 2640 1254 2704 qui
1272 2647 1366 2698 essent,

268 2720 419 2762 terremotu
427 2713 797 2766 maomundtsssruonuo.
837 2719 1000 2782 exploraret:
1019 2719 1062 2768 ille
1071 2717 1103 2767 sb
1114 2715 1254 2782 equitibus,
1265 2721 1294 2764 nt
1305 2715 1365 2763 smi-

266 2789 357 2841 iacuit
368 2790 393 2838 in
405 2791 459 2838 eolo
471 2791 543 2838 annis
555 2794 611 2841 ets.
628 2791 711 2841 donee
730 2807 797 2844 snuo
838 2809 893 2856 ens,
910 2793 935 2842 in
948 2793 1059 2842 medinm
1071 2799 1193 2856 receptus
1204 2804 1254 2840 nns
1266 2804 1324 2840 cum
1337 2789 1366 2837 iis

268 2865 434 2916 Christique.
447 2865 480 2914 ab
492 2865 579 2915 Arabe
598 2867 720 2916 Mulsnvis
729 2883 796 2918 mer·
839 2869 872 2920 sd
884 2870 1000 2920 Cassium
1012 2869 1129 2918 redibat:
1142 2867 1188 2916 sed
1197 2866 1299 2916 Cassius
1311 2865 1367 2914 lios·

267 2941 349 2992 estori
361 2939 460 2990 cuidam
476 2941 589 2990 uendite.
624 2945 796 3007 Asportsudis
837 2953 878 2996 tes
897 2961 956 2995 esse
973 2953 1054 3006 ratus,
1073 2939 1312 3007 ‘Erpeetsrinrnu’
1329 2941 1366 2990 in·

266 3017 335 3066 illios
347 3016 495 3081 fragmentis
506 3023 563 3067 9⁰0.
581 3021 673 3069 cameli
686 3021 729 3069 vis
745 3020 796 3070 suf-
837 3021 903 3086 quit,
914 3019 989 3069 ‘dnm
999 3019 1137 3069 uiderimus
1147 3018 1257 3068 amicum
1268 3013 1367 3080 sbi-ipi'

265 3092 358 3144 iecisse
377 3094 508 3153 dicuntur,
526 3103 555 3145 nt
573 3101 684 3147 testetur
701 3097 796 3148 Cedre-
837 3096 941 3145 Deinde
963 3096 989 3144 in
1012 3096 1149 3144 tentorium
1172 3108 1231 3143 cnm
1251 3093 1365 3142 Pindsro

268 3182 328 3218 nns.
836 3173 956 3234 secessit,
973 3170 1016 3219 ubi
1027 3171 1096 3219 illius
1114 3183 1207 3234 eorpus
1219 3167 1364 3218 confossum

300 3251 311 3275 ¹²
329 3244 405 3294 Solem
425 3263 452 3297 n
473 3247 526 3310 ipsa
544 3250 674 3312 relinquere
692 3235 796 3315 emera]
837 3232 945 3296 salndre
957 3253 1089 3311 repertum
1100 3252 1149 3309 eet,
1167 3245 1293 3296 Pindarus
1305 3259 1365 3294 sero

267 3318 308 3368 lie
335 3327 419 3369 morte
449 3323 530 3372 Cassii
558 3325 635 3375 aliter
664 3325 796 3390 Appiano,
837 3337 960 3388 nusquam
972 3330 1065 3386 postea
1076 3323 1230 3386 comperuit.

267 3395 344 3444 aliter
359 3395 469 3456 Velleio,
486 3397 558 3447 Plut.
577 3406 605 3448 et
630 3400 721 3462 Dioni,
742 3403 797 3466 plu·
870 3405 882 3456 i
900 3397 1083 3449 summurn,
1100 3399 1144 3450 01.
1153 3401 1208 3448 tsi.
1217 3401 1241 3446 8.
1262 3395 1365 3446 tirno

266 3479 319 3522 oet.
354 3471 397 3521 lta
418 3470 474 3520 fera
497 3470 645 3536 Appiauuss
679 3475 721 3525 Ab
743 3477 796 3526 llu-
836 3478 894 3525 ⁷11.
912 3475 1082 3526 raecum.

268 3549 339 3599 tonio
357 3550 442 3598 victus
455 3549 566 3612 Cassius,
584 3558 727 3616 exutusque
738 3569 795 3604 css·
868 3557 879 3582 ⁰
896 3551 1010 3613 Petilius]
1030 3551 1061 3602 Q.
1075 3550 1185 3600 Petilius
1203 3547 1330 3612 Spurinus
1349 3561 1364 3596 e

268 3627 323 3690 tris,
343 3627 370 3676 io
400 3627 522 3676 tumulum
551 3642 579 3676 se
611 3629 722 3691 recipitz
751 3631 794 3681 ubi
836 3623 1054 3688 plebeisfamilis.

266 3704 402 3754 dedecoris
429 3703 568 3768 impatiens
590 3705 732 3754 Pindarum
755 3721 795 3756 ur·
867 3708 880 3742 Ρ
897 3701 1054 3766 luLigurin]
1071 3695 1297 3751 lnterVurnm'et
1308 3700 1364 3748 Ms-

268 3780 393 3844 nslgerum
411 3788 518 3841 eroum
546 3795 656 3845 eumque
675 3780 707 3829 de
720 3782 796 3832 Bruti
835 3789 905 3826 oram
917 3775 1008 3826 fluvios
1019 3777 1079 3838 sits,
1097 3793 1153 3842 quse
1169 3779 1242 3841 regio
1259 3777 1324 3826 duas
1338 3777 1365 3824 in

266 3857 375 3907 victoria
391 3857 427 3906 illi
441 3859 546 3906 attatum
560 3863 639 3920 esset,
656 3859 795 3922 nuntianti,
835 3860 924 3916 partes
935 3859 1028 3916 postes
1039 3853 1122 3902 divise
1134 3852 1199 3912 tutt;
1217 3853 1366 3916 primanrr·

265 3934 384 3999 ‘Reier,'
406 3935 498 4000 inquit,
517 3936 631 3997 ‘lirotq
650 3943 742 4000 optare
754 3952 795 3987 me
837 3939 865 3981 ts
885 3933 959 3981 littus
978 3932 1063 3994 rueris,
1079 3931 1152 3994 cujus
1170 3931 1365 3995 capulotenus,

266 4010 410 4060 absotutun
430 4013 480 4075 ipsi
500 4012 650 4062 victorium.¹
681 4014 746 4064 Tum
762 4013 795 4062 ad
837 4010 917 4059 alters
941 4007 1143 4069 mediterranea,
1158 4007 1228 4056 inter
1250 4006 1366 4070 Apenni-

268 4085 409 4134 Pindarnm
419 4089 533 4148 versus,‘
545 4089 614 4138 Quid
626 4103 722 4151 cesses,
733 4089 795 4152 quin
835 4101 905 4146 nuru,
923 4085 1003 4150 Alpes
1023 4085 1136 4145 Cottius,
1152 4089 1179 4133 et
1198 4084 1315 4144 Padurn;
1340 4083 1365 4133 in

267 4174 309 4209 me
320 4160 353 4210 ab
364 4160 413 4209 hue
424 4161 563 4224 ignominia
580 4163 692 4212 liberas?
710 4164 795 4211 simul·
836 4159 1083 4224 quaMonsferratns
1091 4159 1211 4218 ducetur,
1221 4173 1281 4222 pars
1289 4160 1367 4208 Prin·

267 4251 316 4302 que
323 4236 413 4299 jugulo
424 4234 521 4284 ferrum
533 4238 652 4298 excepit!
679 4239 721 4287 Sic
736 4251 795 4288 vero
836 4237 936 4301 cipetus
946 4237 1144 4302 Pedemouteni,
1152 4236 1367 4287 etlslediolsnen·
