3126 4902
508 441 590 489 one.
607 439 656 488 ιν.
681 441 729 488 nn
751 439 1017 491 senorncuurs.
1191 405 1193 412 ¹
1238 421 1311 490 Ι961

212 601 284 648 rere
297 582 432 647 sumum.
455 582 500 646 Et
514 584 557 647 ab
573 603 614 648 eo
623 584 742 668 iussus
756 583 867 668 egredi
881 582 1098 648 Terentum²⁸
1119 581 1171 668 (id
1185 583 1218 648 ei
1231 583 1309 648 loco

213 703 333 748 nomen
348 683 419 768 est)
439 684 560 768 cupide
575 695 707 770 arrepto
723 688 841 765 calice,
856 706 978 770 aquam
996 685 1133 750 flumina
1156 685 1311 750 haustam

213 805 265 863 eo,
277 787 366 850 uude
380 787 492 850 sumus
507 792 578 852 erat
598 790 748 866 obortus,
766 789 839 872 jam
860 789 970 853 laetior
991 789 1135 871 pertulit,
1151 787 1310 852 divinitus

213 888 285 951 dati
300 889 437 954 remedii
453 890 553 972 quasi
574 891 717 971 vestigia
733 890 889 972 quaedam
913 890 947 952 in
974 889 1162 973 propinquo
1177 893 1311 954 nactum

212 1007 250 1052 se
264 990 477 1056 existimans:
500 992 602 1075 inque
618 993 694 1056 solo
708 993 817 1074 magis
833 991 995 1068 fumante,
1012 1009 1113 1074 quam
1123 991 1211 1054 ullas
1225 991 1310 1074 ignis

211 1092 355 1156 habente
368 1093 537 1176 reliquiae,
547 1093 628 1157 dum
640 1094 789 1158 tenacius
803 1113 902 1158 omen
913 1092 1145 1177 apprehendit,
1157 1097 1309 1157 contrac-

211 1193 255 1256 tis
270 1193 416 1271 levibns,
438 1201 471 1258 et
485 1213 564 1278 quae
578 1195 685 1260 iors²⁹
707 1195 876 1260 obtulerat
897 1195 1118 1272 nutrimentis,
1145 1194 1308 1278 pertinaci

211 1295 328 1378 spiritu
342 1293 511 1360 flammam
525 1297 687 1372 evomuit,
710 1295 973 1380 calefactamque
987 1313 1109 1380 aquam
1124 1296 1241 1380 pueris
1255 1296 1308 1360 bi·

210 1396 484 1462 bendamdedit.1
528 1398 609 1477 Qua
623 1403 787 1482 potata,³0
809 1398 949 1462 solutori
965 1399 1077 1481 quiete
1103 1398 1217 1481 sopiti,
1233 1397 1307 1462 diu·

210 1501 281 1563 tina
296 1499 330 1562 vi
344 1500 453 1564 morbi
467 1508 602 1584 repente
624 1507 705 1565 sunt
718 1500 873 1580 liberati3
896 1503 1049 1586 patrique
1064 1501 1307 1578 indicaverunt,

211 1599 357 1663 ‘vidisse
371 1619 408 1665 se
429 1602 464 1666 in
486 1603 650 1680 somnis,¹¹
673 1603 790 1667 nescio
805 1621 908 1686 aquo
925 1603 1072 1668 Deorum
1085 1603 1228 1686 spongia
1242 1621 1307 1668 sua

209 1720 352 1784 corpora
365 1703 518 1786 pertergi,
533 1711 569 1768 et
583 1705 736 1789 praecipi,
757 1713 795 1770 ut
819 1706 864 1770 ad
891 1705 984 1770 Ditis
999 1705 1108 1791 patris
1122 1713 1157 1770 et
1171 1704 1307 1770 Proser-

209 1801 298 1883 pinae
312 1821 417 1882 aram,
444 1825 466 1870 a
489 1825 558 1890 qua
581 1806 687 1871 luerat
703 1809 798 1891 potio
813 1807 900 1890 ipsis
915 1808 1030 1886 allata,
1043 1807 1149 1874 lurvae
1165 1807 1308 1872 hostiae¹

209 1903 470 1983 immolarentur,
481 1907 749 1992 lectisterniaque
764 1915 797 1972 et
811 1907 918 1971 ludi³²
932 1909 1082 1973 nocturni
1096 1906 1234 1972 tierent.'
1257 1905 1306 1984 Is,

210 2005 302 2088 quod
324 2025 366 2070 eo
388 2007 456 2071 loci
471 2009 596 2072 nullam
611 2027 700 2073 aram
716 2010 856 2088 viderat,
871 2009 1054 2074 desiderari
1070 2009 1219 2088 credens,
1235 2013 1272 2074 ut
1285 2027 1307 2072 a

210 2125 247 2169 se
262 2113 547 2188 constrrreretur,³³
570 2129 662 2175 aram
676 2116 822 2175 emturus
836 2113 870 2174 in
886 2109 1010 2175 Urbem
1025 2112 1183 2195 perrexit,
1209 2109 1309 2174 relic··

239 2327 254 2362 t
271 2320 361 2384 Cupide
377 2323 449 2372 eutice
466 2327 562 2386 arrepta
578 2324 695 2374 toelicreb
710 2327 818 2376 auditum
839 2327 936 2378 Terenti
955 2341 1037 2377 acmen
1055 2341 1139 2390 nquam
1157 2325 1264 2376 meur
1274 2341 1305 2378 ex

202 2383 281 2447 flach
292 2386 391 2448 pertulit
401 2388 428 2436 in
438 2401 491 2436 eum
502 2389 585 2450 locem,
598 2389 636 2438 nii
641 2389 724 2449 sumes
733 2392 798 2440 meru
803 2391 902 2450 suerat:
922 2392 1052 2441 arbitrator
1067 2407 1091 2442 ee
1102 2392 1217 2440 iuceuieee
1225 2390 1252 2440 ia
1262 2391 1306 2444 tre

209 2451 258 2496 loeo
268 2463 314 2497 non
321 2456 411 2498 renato
421 2451 549 2501 remedium
559 2467 575 2502 u
585 2453 645 2504 Diis
654 2454 756 2504 Laribus
765 2457 812 2519 ipsi
827 2457 973 2506 indicatam:
997 2462 1020 2505 et
1032 2459 1087 2505 darn
1105 2459 1241 2506 contester
1250 2470 1304 2506 oon·

201 2511 270 2587 fidu,
277 2513 350 2561 cerini
360 2513 445 2577 oblato,
460 2515 487 2564 iu
504 2519 577 2579 terre,
587 2517 757 2582 quesemoiut,
767 2520 813 2570 etri
823 2521 933 2570 nnllaidi
942 2527 1020 2570 meru
1030 2520 1093 2582 kaie
1103 2521 1218 2584 reliquie,
1224 2521 1305 2570 elicuit

204 2577 388 2694 mteachpptp
398 2579 523 2710 ,Μωαὲπ
532 2582 686 2646 camerate
706 2585 731 2632 in
741 2600 811 2634 enum
822 2587 897 2636 omia
908 2587 1099 2650 iguiesomentie,
1111 2583 1203 2648 quadi
1212 2586 1305 2634 ieceee·

253 2657 292 2700 Η
359 2659 368 2692 ⁸
389 2659 482 2710 amm,
509 2660 532 2698 00

664 2751 844 2774 ”6060an

206 2843 569 2960 ffl'pyumtmffqgumm
577 2862 664 2962 qmnee
672 2851 825 2965 Tarachoi
836 2867 893 2966 culpi
905 2853 1176 2966 ff·“'''²⁸h·rb‘{‘⁸‘¹‘'⁸
1186 2851 1213 2901 iu
1225 2849 1303 2964 οὸἀᾱ.

207 2972 297 3047 libem.
307 2925 555 3031 AElzetcrtqereatfflm
564 2924 1124 3044 papaujpmqpmpgeppappnlegpp
1136 2929 1304 3044 ἕίἵὶῐίυιςηὲἲ

206 3037 334 3088 ercliarh.
348 3039 580 3107 1.Vose.quinque
598 3043 697 3092 Medic.
715 3055 743 3092 et
762 3056 863 3108 septem
880 3047 989 3095 Torren.
1021 3047 1171 3094 Lectionem
1188 3049 1302 3092 nostram

207 3106 337 3150 testantur
348 3102 444 3154 Brund.
457 3108 479 3152 l.
490 3109 514 3154 ἢ.
532 3120 591 3156 cum
610 3108 796 3170 septemdecim
817 3111 926 3158 Torren.
945 3119 973 3158 et
983 3111 1045 3158 Vct.
1067 3108 1205 3158 'l'orreniue
1220 3107 1303 3169 nrelit,

206 3165 318 3214 meconi.
354 3166 416 3216 Mox
429 3183 477 3230 pro
487 3171 552 3220 dedit
565 3171 682 3220 Perizon.
693 3173 778 3222 Bitnr.
793 3178 815 3224 1.
831 3183 859 3224 et
872 3173 945 3223 Leid.
957 3179 982 3223 2.
1001 3189 1059 3224 cunr
1078 3172 1170 3223 codice
1180 3172 1301 3224 Tullii.-

205 3232 238 3276 ιθ
256 3227 310 3282 Qec
318 3235 375 3292 pote
386 3231 493 3295 Pighius
501 3243 529 3283 et
540 3235 583 3300 qui
595 3249 653 3283 eum
664 3244 723 3285 sunt
733 3239 826 3288 secuti.
860 3239 983 3287 Nostram
1003 3239 1140 3288 lectionem
1159 3251 1192 3288 ex
1209 3237 1299 3302 viglnti

205 3290 282 3341 codd.
292 3301 320 3342 et
331 3294 391 3344 edd.
403 3303 467 3346 vett.
481 3299 594 3348 restitnit
604 3301 750 3352 Torrentur.
784 3303 836 3352 Pro
852 3303 925 3366 copiti
934 3303 997 3353 Vet.
1017 3318 1074 3352 curn
1086 3303 1146 3354 Vut.
1165 3307 1186 3354 l.
1204 3303 1300 3366 Copae.

204 3356 287 3406 Barh.
300 3362 322 3406 l.
333 3358 367 3408 ab
379 3360 431 3409 elia
442 3375 527 3426 manu,
543 3363 655 3414 etheid.
667 3370 692 3414 u.
703 3365 730 3414 in
741 3381 822 3430 marg.
831 3369 973 3431 potiti-tl
991 3368 1032 3418 lte
1043 3367 1140 3418 Brund.
1153 3373 1174 3418 1.
1186 3372 1211 3418 2.
1224 3368 1299 3416 llari.

204 3422 286 3498 Voss..
296 3422 369 3474 heiu.
380 3429 404 3472 c.
417 3429 442 3476 7.
455 3424 575 3477 Perizon.
586 3428 682 3492 Ultruj.
692 3434 745 3480 l.2.
758 3432 830 3496 Mag.
841 3439 868 3482 et
877 3430 939 3482 Ald.
950 3434 976 3482 ia
986 3433 1082 3484 somniis
1093 3433 1165 3482 dedit
1176 3433 1282 3496 Pighius
1293 3447 1301 3491 ;

205 3494 232 3534 et
245 3486 350 3549 derude,
360 3503 417 3552 quoe
427 3491 501 3540 nescu
509 3491 614 3542 uem
627 3527 664 3543 ...
675 3501 810 3557 pertergere
818 3501 841 3544 et
848 3499 986 3562 preciperet
997 3499 1096 3563 aliquot
1105 3497 1299 3560 coddepongeu.

205 3549 314 3602 Venett.
325 3569 340 3600 α
351 3555 427 3603 nescio
460 3569 503 3606 uo:
520 3556 607 3606 Vorst.
626 3557 705 3619 legit:
723 3575 738 3608 u
757 3575 801 3624 quo
819 3561 896 3610 neseio
907 3562 940 3612 D.
960 3579 1056 3626 corporo
1075 3579 1117 3612 erro
1138 3563 1253 3628 pertergi,
1270 3575 1299 3610 uc

201 3617 317 3679 precepi:
334 3616 384 3665 duc
404 3570 479 3669 con.
499 3621 579 3684 hipsii
599 3620 695 3672 habent
710 3625 824 3736 protergi
841 3629 864 3675 et
881 3627 998 3692 precepi:
1015 3627 1091 3677 codd.
1104 3627 1231 3690 Pighinni,
1245 3639 1299 3688 pee-

202 3683 330 3740 tergereet
345 3683 487 3747 proeeipere:
504 3685 597 3750 Ultrnj.
611 3689 633 3736 l.
652 3687 727 3738 liar.
746 3697 774 3738 et
793 3705 857 3739 unus
875 3691 966 3743 Rheni.
982 3693 1129 3756 pertergeri:
1148 3693 1222 3740 Vosr.
1239 3703 1298 3740 enm

204 3755 256 3792 nnc
268 3745 359 3795 libera.
369 3747 504 3809 deterget:
523 3749 595 3800 leid.
608 3755 632 3800 Ξ.
643 3754 774 3814 retergeri:
792 3754 876 3804 codex
888 3757 968 3805 Baril.
986 3772 1001 3804 a
1016 3757 1093 3804 nescio
1109 3771 1153 3818 qao
1165 3756 1198 3806 D.
1209 3754 1299 3804 circen

202 3821 246 3856 ren
254 3811 386 3871 pretergui
396 3816 420 3860 et
429 3813 598 3876 proripi—82
615 3817 695 3865 ltlulti
707 3818 783 3868 codd.
795 3819 906 3869 habeut:
925 3821 1113 3882 lectisternioque
1123 3825 1147 3870 et
1158 3820 1219 3878 ledi,
1230 3821 1299 3884 quod

204 3871 349 3932 praeierunt
358 3876 437 3926 etiarn
449 3890 538 3927 omnes
548 3879 609 3928 add.
621 3887 681 3930 ante
693 3882 822 3944 Pigtriunr,
839 3885 883 3948 qni
901 3885 1046 3934 lectisternia
1064 3884 1157 3948 luitque
1174 3884 1298 3934 edidit.-

204 3937 237 3984 aa
255 3937 318 3988 Vet.
329 3954 389 3990 com
402 3941 530 3994 nonnullis
546 3943 623 3994 codd.
642 3947 830 3997 constitueretur.
864 3947 928 3998 Mox
948 3963 994 4012 pro
1013 3953 1117 3998 emtores
1135 3948 1187 4000 duo
1205 3949 1298 4002 libem·

697 4093 807 4145 NOTAE

234 4217 249 4256 Ι
271 4211 356 4263 Ferae
377 4213 471 4280 mie]
497 4217 601 4284 Nigrae
627 4227 731 4272 veteres
771 4223 1116 4290 teruntgmtnmotrbaat.

203 4291 272 4342 enirn
291 4291 348 4340 Diis
360 4293 460 4357 superis
471 4294 544 4345 albae
557 4297 684 4363 victimas,
693 4299 732 4348 ie·
