3126 4902
533 406 615 453 cna.
631 405 712 454 vnr.
737 405 785 454 na
809 407 1030 458 nrancunrs.
1267 401 1336 478 215,

231 549 380 614 veridica
390 549 543 633 Pythicae
557 550 807 616 vaticinationis
821 551 906 616 fides
921 555 1121 636 praecurrit?
1131 563 1160 605 ⁴⁵
1195 558 1232 622 Is
1242 561 1332 628 bello

232 652 335 730 civili,
351 671 420 735 qao
435 670 472 716 se
487 651 549 717 Gn.
564 651 751 736 Pompeius
774 673 796 717 a
810 652 958 720 Caesaris
973 657 1155 724 concordia
1168 662 1330 742 pestifero

233 755 310 830 sibi,
325 774 387 819 nec
402 753 616 838 Reipublicae
629 755 706 820 utili
721 757 861 820 consilio
883 758 1075 840 abruperat,
1089 766 1243 826 eventum
1257 785 1332 846 gra·

231 857 363 921 nissimi
376 864 487 923 motus
502 857 679 942 explorare
694 858 853 942 cupiens;
875 860 1005 924 viribus
1019 861 1150 944 imperii
1172 866 1330 950 (namque

230 957 395 1024 Acbeiae¹
417 957 613 1044 praeerat)t⁶
636 961 824 1025 antistitem
834 961 1010 1044 Delphicae
1026 963 1186 1028 contueor
1207 967 1332 1033 ininti-

230 1081 320 1126 mam
345 1063 435 1128 sacri
458 1081 584 1146 specus
609 1067 739 1146 partem
768 1061 971 1126 descendere
993 1063 1160 1146 cotetae
1182 1067 1269 1132 ande
1295 1077 1332 1134 at

232 1170 331 1228 certae
346 1163 598 1230 consulentibus
612 1168 721 1228 sortes
735 1168 898 1246 petantur,
911 1164 959 1228 ita
972 1165 1096 1229 nimius
1112 1166 1218 1232 divini
1234 1171 1331 1253 spiri-

230 1270 285 1330 tus
298 1267 435 1332 haustas
446 1265 660 1330 reddentibus
675 1265 837 1348 pestifer¹
858 1266 1020 1334 exsistit!
1064 1267 1171 1350 Igitur
1184 1271 1331 1356 impulsa

231 1365 595 1449 conceptiuuminis48
618 1367 779 1432 instincta
795 1369 902 1450 virgo,
925 1367 1091 1432 horrendo
1114 1388 1199 1434 sono
1221 1373 1329 1452 vocis,

230 1466 347 1552 Appio
360 1469 442 1535 inter
455 1471 616 1535 obscuras
631 1469 809 1542 verboram
822 1470 982 1552 ambages
993 1468 1066 1534 tata
1080 1471 1213 1536 cecinit
1243 1473 1327 1538 ‘Ni-

259 1687 271 1712 ⁰
285 1679 365 1744 Atque
375 1682 417 1731 bac
426 1683 546 1732 eraculani
555 1681 709 1742 Lentuliseit
720 1682 808 1732 editam
819 1697 859 1731 ore
869 1687 964 1732 tantem
973 1682 1092 1740 tentate,-
1107 1683 1167 1732 tana
1182 1698 1247 1746 cere,
1267 1689 1328 1748 quod

226 1745 340 1807 seqnitur,
356 1761 399 1823 are
404 1745 537 1822 ¹Apollinis:
553 1761 597 1810 quo
607 1747 671 1796 dieto
681 1761 737 1797 aere
744 1747 868 1811 predatio
879 1748 976 1811 Pytbioe
991 1747 1145 1797 vaticinantia
1153 1753 1328 1812 praeeminuit

227 1811 437 1923 mgtffinffle'aa
447 1879 572 1937 potestate,
581 1869 643 1924 'ean
654 1875 751 1937 regebat
762 1875 886 1936 Acbatana
902 1874 979 1938 ea'e'ga't
999 1874 1151 1924 Sacerdotem
1169 1879 1252 1941 tempti
1268 1879 1330 1928 Det·

223 1937 291 2000 plici
301 1939 438 1988 descendere
449 1939 475 1988 ie
483 1939 692 2004 nefandissimam
701 1945 794 2002 partera
804 1939 869 1988 antri
880 1941 951 1988 ederi.
984 1939 1015 1988 In
1027 1955 1073 2002 aaa
1083 1940 1144 1988 sicat
1157 1955 1266 2002 reepaeea
1277 1957 1330 1991 cer·

226 2003 396 2117 pprnpwdnpaitpp
403 2005 590 2131 Γειοσιιιιεοιῖιὶιοιιιιιει’ὺιιε,
604 2004 640 2054 ita
656 2005 744 2053 adaiae
761 2005 859 2053 Martae
878 2003 976 2066 ψίνὶωε
992 2005 1069 2053 dinei
1084 2009 1119 2052 eet
1138 2003 1216 2056 letalia
1227 2007 1329 2071 Pythiie

686 2195 867 2216 OWO

227 2311 319 2376 reliqui
332 2312 430 2364 Medic.
441 2326 500 2362 cum
513 2311 584 2363 Leia.
595 2316 620 2360 2.
632 2310 681 2360 nisi
693 2310 762 2374 quod
775 2325 822 2374 pro
833 2308 935 2358 bomine
944 2308 1042 2359 babent
1052 2309 1150 2359 damini.
1171 2309 1247 2360 Harl.
1257 2312 1292 2362 A.
1302 2313 1328 2363 b.

226 2393 248 2439 p.
261 2391 307 2425 een
316 2377 428 2439 bominie,
440 2379 480 2425 eed
491 2391 555 2437 caea,
564 2377 625 2425 illud
635 2380 729 2424 tantane
740 2375 766 2422 in
777 2389 817 2423 ore
827 2375 910 2436 ipsine,
920 2377 962 2437 tre.
994 2373 1027 2422 ln
1041 2373 1113 2422 Leia.
1123 2379 1146 2422 2.
1165 2376 1244 2424 etiarn
1260 2385 1328 2437 eret,

226 2443 315 2502 ‘mare,
327 2440 369 2490 al!
377 2455 424 2490 aaa
434 2455 488 2489 ore:
507 2440 603 2502 Ultraj.
612 2443 636 2488 2.
647 2439 707 2487 iliad
717 2443 795 2488 tamen
806 2453 859 2486 ore:
876 2438 971 2502 Ultraj.
983 2441 1007 2485 1.
1020 2443 1097 2488 tamea
1107 2453 1153 2486 aee
1161 2453 1215 2488 cre:
1232 2439 1327 2504 Caper.

226 2505 258 2552 Δ.
268 2505 292 2554 tr.
302 2521 325 2567 q.
336 2519 383 2553 eon
393 2505 493 2553 taminia
503 2509 605 2563 tanturn,
615 2505 655 2552 red
665 2517 734 2552 enee:
752 2502 812 2551 Ver.
823 2509 852 2551 et
863 2503 936 2565 arog.
946 2503 978 2551 A.
994 2502 1019 2550 b.
1036 2518 1058 2564 q.
1077 2503 1186 2564 taminia,
1204 2505 1246 2553 red
1264 2520 1328 2555 aare.

226 2568 291 2617 illud
301 2575 394 2618 taratara
406 2583 445 2618 ere
455 2569 547 2632 ipsias:
564 2569 671 2617 Veneti.
681 2571 705 2616 Δ.
717 2573 741 2617 t.
757 2568 789 2616 A.
801 2566 824 2616 ir.
836 2582 860 2629 p.
870 2567 895 2617 ta.
905 2567 965 2616 illud
974 2571 1067 2614 tannae
1081 2581 1136 2616 are.-
1151 2567 1230 2616 Aldd.
1242 2567 1327 2620 Calin.

226 2633 330 2697 Gryplr.
348 2633 438 2697 Stepb.
459 2637 510 2682 tre.
526 2633 557 2682 A.
574 2635 597 2680 n.
615 2647 639 2696 q.
658 2633 681 2682 tr.
699 2632 763 2680 Iliad
785 2636 864 2680 tanea
883 2645 931 2680 ore.
965 2630 1065 2680 Vorstii
1076 2631 1215 2681 lectionem
1227 2633 1328 2696 recepit

224 2697 434 2747 normann-ra
452 2698 547 2762 copes.
560 2697 664 2761 aliique,
680 2709 737 2744 cuna
749 2697 812 2745 Vet.
823 2703 850 2744 et
862 2695 934 2758 Meg.
943 2695 1109 2758 percurrit,
1126 2696 1254 2759 prebente
1264 2698 1330 2746 Tar-

226 2763 373 2813 renio.-ld
388 2762 431 2812 lta
446 2761 543 2812 Brund.
561 2765 583 2810 l.
601 2765 626 2810 2.
650 2761 742 2824 camp.
760 2760 864 2810 (iembl.
885 2759 980 2809 Atreb.
991 2759 1093 2809 winae.
1111 2767 1139 2810 et
1157 2761 1248 2812 Calon
1267 2771 1328 2812 carm

226 2827 313 2876 maltis
323 2828 432 2877 Torren.
465 2828 584 2878 Quatuor
604 2825 648 2874 elii
666 2825 774 2874 Torreu.
795 2839 851 2874 cum
863 2824 923 2874 Vct.
944 2824 1016 2886 Mag.
1030 2824 1136 2874 venen.
1148 2829 1171 2875 1.
1183 2829 1208 2876 2.
1220 2823 1244 2875 i.
1262 2830 1286 2876 4.
1301 2833 1326 2877 d.

226 2891 333 2940 Medici.
345 2897 368 2940 1.
379 2895 405 2939 2.
416 2890 494 2941 Aldd.
507 2891 591 2940 Colla.
604 2889 705 2953 Grypb.
718 2888 825 2938 Medici.
836 2892 860 2936 a.
868 2888 960 2951 Stepb.
971 2892 1020 2938 dcc.
1033 2889 1122 2936 eiridrn
1132 2903 1223 2952 nanque
1232 2891 1329 2954 irnpea‘i

226 2956 286 3004 Ace.
296 2960 408 3018 preerat,
420 2956 445 3004 ia
457 2954 616 3018 parenthesi.
649 2953 740 3002 Codex
752 2952 899 3002 Perizoniir
915 2953 1111 3016 semenator
1120 2958 1241 3015 precem
1257 2955 1328 3012 ande

226 3019 280 3080 ille,
295 3034 339 3082 pro
349 3021 441 3068 manate
449 3025 560 3082 preerat.
593 3017 630 3068 At
648 3023 739 3081 prator
753 3021 859 3080 preerat
877 3015 975 3064 babeat
994 3017 1073 3064 etiarn
1093 3017 1187 3078 copes.
1206 3015 1281 3067 Harl.
1299 3026 1328 3068 et

226 3083 307 3131 Barb.
319 3087 341 3131 l.
358 3087 382 3132 2.
416 3083 548 3133 Periaoaii
570 3083 724 3146 conjecture
743 3095 793 3130 noa
813 3080 936 3142 displicet
957 3079 1157 3130 'sorrentu-47
1174 3079 1219 3129 Sic
1241 3095 1328 3133 aranee

226 3145 283 3222 fere
292 3147 443 3196 'l'orreaieni
457 3163 515 3197 earn
526 3149 588 3197 Vet.
600 3147 672 3209 Mag.
685 3146 794 3195 Veneti.
806 3147 830 3193 1.
841 3148 865 3192 2.
876 3147 900 3219 β.
911 3147 936 3192 4.
948 3147 972 3192 ὅ.
985 3143 1092 3220 Medici.
1103 3147 1162 3194 m.
1174 3147 1224 3194 dcc.
1242 3147 1327 3224 rplge,

225 3213 474 3326 ‘intitules
483 3211 664 3326 :limittit
677 3209 953 3336 {tamilla
964 3208 1212 3336 ltltttt‘ttt
1226 3215 1330 3326 iiiii

227 3341 294 3390 Dan.
312 3339 410 3389 Brund.
423 3345 480 3390 1.2.
500 3339 591 3404 viginti
608 3341 718 3390 Torrea.
739 3338 792 3400 alii,
807 3351 865 3386 carn
876 3337 937 3388 Vet.
954 3337 1025 3400 Meg.
1045 3338 1151 3388 Veneti.
1170 3341 1195 3388 1.
1213 3343 1238 3388 2.
1256 3343 1281 3390 8.
1301 3347 1327 3390 5.

226 3405 337 3458 Mediol.
350 3409 373 3454 1.
386 3409 412 3454 2.
424 3403 502 3454 Aldd.
512 3409 535 3453 1.
546 3408 572 3453 2.
580 3407 603 3452 3.
613 3409 638 3452 t.
648 3403 757 3452 Mediol.
769 3406 794 3451 2.
807 3415 895 3452 amaea
906 3401 1007 3465 Grypb.
1019 3401 1107 3451 Chalc.
1119 3399 1233 3479 Herbip.
1245 3403 1329 3454 colia.

227 3469 316 3533 steph.
328 3472 379 3520 &a
396 3470 493 3518 Venet.
503 3473 528 3518 1.
540 3468 623 3531 capiti,
636 3467 763 3531 quomado
773 3467 852 3516 etiarn
865 3467 891 3514 in
901 3466 975 3515 Leid.
988 3472 1012 3516 5.
1022 3465 1068 3516 red
1077 3465 1190 3516 medium
1200 3481 1210 3516 a
1221 3466 1329 3517 inferiae

227 3543 324 3598 puncto
335 3540 451 3586 nantum
459 3533 570 3597 jubetur
582 3532 670 3583 deleri.
702 3531 775 3582 [reid.
786 3535 811 3581 2.
829 3531 906 3594 captia
919 3531 1011 3580 nenia:
1028 3545 1093 3582 auur
1106 3532 1197 3583 libem.
1207 3532 1282 3596 capti,
1300 3539 1329 3582 et

721 3675 828 3729 NOTAE

257 3800 271 3826 ¹
288 3791 398 3856 Aebaioe]
431 3792 530 3843 Achaia
551 3791 656 3857 proprie
676 3791 757 3854 dieta,
830 3787 972 3852 ’Certim
1000 3789 1076 3851 Quae,
1092 3789 1134 3838 rel
1152 3789 1235 3853 tripar
1253 3791 1327 3844 corio

226 3883 286 3932 perr
315 3875 372 3919 erat
395 3869 579 3933 Peloponnesi,
605 3869 757 3919 Corinthum
797 3863 1086 3927 Pytboaietectue,vel
1102 3879 1162 3928 pare
1182 3866 1273 3930 templi
1291 3868 1329 3917 ia·

225 3945 293 3994 inter
309 3950 337 3995 et
353 3945 467 3994 Petrae:
496 3945 550 3994 late
568 3951 652 3994 aurete
668 3944 757 4006 Epiro,
798 3941 889 3999 terior,
908 3939 953 3988 abi
965 3946 993 3988 et
1004 3939 1104 3987 eortina
1122 3939 1205 4014 tendi,
1215 3949 1242 3991 et
1254 3942 1328 3993 reddi

225 4019 370 4080 Thessalia,
382 4020 575 4083 Peloponneso,
587 4026 614 4068 et
631 4019 696 4067 meri
708 4017 757 4066 cir·
797 4015 903 4063 oracula
914 4013 1039 4064 celebant.

226 4095 421 4156 comestibilem
445 4095 471 4144 in
483 4095 621 4158 Boeotiam,
632 4093 757 4156 Atticam,
829 4089 1022 4138 ¹Reddeatibne
1040 4091 1151 4156 prover]
1179 4093 1237 4146 Quo
1258 4096 1326 4146 enirn

226 4171 488 4233 Phocidem,bocros,
496 4177 523 4219 et
532 4169 658 4220 Doridem
666 4170 756 4220 divise.
797 4168 975 4218 vehementior
985 4170 1095 4220 numinis
1112 4169 1220 4236 affletur,
1232 4187 1263 4224 eo
1279 4189 1327 4240 pu·

228 4245 315 4296 Hodie
327 4245 429 4296 Lieadie
441 4251 468 4296 et
480 4245 599 4296 ltenretia.
797 4247 849 4296 elle
862 4247 980 4298 debilior.
