3050 4890
237 373 260 437 o
682 385 887 436 pensauro.

237 533 393 599 manibus
406 533 540 611 habeat,
555 533 689 617 qualem
703 534 871 618 quondam
887 531 924 596 H
926 532 1137 616 ambergems
1150 530 1194 596 V.
1206 529 1246 596 (l.
1263 551 1333 598 mo·

238 635 392 714 liabetur,
407 635 458 700 uti
472 653 516 698 ex
529 634 603 718 ejus
620 635 821 700 Praesatione
838 635 882 700 ad
896 633 996 700 Tum.
1015 651 1037 698 ι.
1076 634 1145 698 Der
1166 632 1334 700 zuvsrlas-

239 735 566 819 sigenNachricbteu
575 755 640 801 von
651 736 716 802 den
726 737 954 801 vornebmsten
963 733 1218 802 Sobriitstellern
1224 736 1335 801 ridere

238 843 298 902 est
342 837 408 902 Sed
422 846 554 921 tempus
569 845 632 911 est,
646 839 728 921 quid
747 838 879 904 consilii
893 839 929 902 in
943 835 1071 902 edendo
1086 837 1225 902 Valerio
1239 857 1335 902 secu·

239 943 292 1003 tus
315 941 389 1018 sim,
412 939 586 1024 copiosius
607 959 789 1024 exponere,
812 959 880 1023 quo
901 939 1035 1004 facilius
1056 939 1163 1005 lector
1184 939 1335 1005 eruditus

238 1039 281 1104 de
294 1043 403 1124 pretio
418 1041 587 1106 Editiouis
602 1061 687 1107 meae
702 1042 811 1124 possit
819 1041 985 1126 judicare.

281 1142 427 1207 Animus
441 1161 519 1225 ergo
534 1149 616 1220 erat,
630 1143 730 1208 talem
745 1162 864 1226 parare
879 1142 1078 1220 diditionem,
1091 1161 1167 1225 quse
1183 1148 1216 1207 et
1229 1144 1335 1208 omni-

237 1247 301 1310 bus
315 1245 476 1310 subsidiis
492 1246 536 1309 ad
550 1246 800 1328 intelligendum
815 1243 986 1310 Valerium
1000 1246 1163 1310 instructa
1177 1253 1279 1324 esset,
1302 1254 1336 1312 ot

238 1349 350 1412 omnia
370 1349 414 1412 ab
428 1347 666 1431 Interpretibus
681 1347 772 1412 dieta
787 1349 980 1425 contineret,
994 1365 1063 1432 qno
1078 1347 1183 1412 lector
1196 1347 1335 1412 inoffen-

238 1469 278 1514 so
304 1449 390 1534 pede
415 1469 550 1534 pergere
575 1457 702 1534 posset,
731 1467 838 1534 neque
862 1469 948 1534 opus
972 1449 1118 1528 baberet,
1143 1448 1336 1515 evolvendis

238 1552 354 1617 multis
367 1551 463 1615 libris
472 1559 605 1635 tempus
619 1551 768 1635 perdere,
782 1552 854 1616 sive
867 1551 1030 1630 criticam,
1045 1551 1118 1616 sive
1133 1549 1336 1629 Historiam,

240 1651 313 1717 sive
328 1653 594 1736 chronologiam,
617 1656 689 1719 sivo
708 1651 964 1737 Geogrephiam,
989 1653 1061 1718 sive
1075 1651 1334 1736 Antiquitatem,

239 1754 312 1818 sive
340 1754 485 1838 denique
511 1755 728 1821 Latinitatem
756 1759 931 1839 spectaret.
974 1755 1137 1820 Diversus
1167 1755 1253 1820 enim
1281 1759 1336 1820 est

238 1855 400 1921 lectorum
412 1875 549 1939 scopus,
564 1857 699 1923 diversa
713 1857 871 1940 cognitio,
887 1857 1053 1922 diversum
1068 1856 1229 1921 studium.
1264 1854 1336 1922 Alii

238 1957 437 2023 brevitatem
453 1966 579 2036 emant,
599 1954 659 2023 elii
673 1959 826 2042 copiam3
847 1959 908 2024 alii
922 1958 958 2022 iu
975 1957 1185 2022 facilioribus
1199 1958 1335 2035 haerent,

239 2057 316 2122 aliis
331 2059 398 2124 iere
420 2059 502 2124 nihil
515 2061 640 2142 negotii
662 2061 824 2142 occurrit;
846 2060 922 2125 aliis
940 2059 988 2124 nil
1001 2059 1067 2124 nisi
1081 2059 1196 2124 critice
1210 2059 1336 2143 placet,

240 2159 298 2223 alii
312 2161 412 2225 crisin
426 2181 468 2224 ne
478 2161 646 2226 tantillum
657 2161 794 2243 quidem
808 2167 997 2227 aestumant.
1041 2159 1118 2224 Hos
1131 2178 1246 2225 omnes
1259 2167 1338 2224 auto

240 2259 357 2326 oculos
371 2263 483 2339 habui,
508 2261 562 2326 luis
582 2263 694 2328 studui
720 2263 928 2342 satisfacere,
952 2263 1001 2327 ita
1019 2266 1139 2340 tamem
1162 2267 1199 2326 ut
1223 2259 1336 2345 quoad

239 2359 309 2425 fieri
323 2365 443 2444 potuit,
458 2365 565 2446 prima
579 2364 634 2428 lex
644 2371 738 2429 osset
747 2365 906 2429 brevitas.

284 2462 326 2526 In
350 2469 445 2528 textu
469 2464 572 2546 igitur
595 2463 768 2528 formando
794 2474 931 2528 secutus
956 2485 1031 2527 sum
1050 2467 1126 2548 jure
1150 2463 1337 2546 meritoque

240 2561 447 2642 Torrenium,
470 2565 536 2629 nisi
559 2565 619 2629 ubi
633 2564 731 2629 codd.
747 2565 832 2630 Mss.
847 2570 908 2631 aut
932 2565 1064 2630 critices
1086 2563 1211 2647 regulae
1235 2565 1336 2629 aliam

241 2663 437 2730 Lectionem
459 2667 647 2746 suaderent,
670 2673 748 2732 tanc
774 2670 864 2732 enim
883 2687 950 2732 non
971 2667 1126 2732 dubitari
1140 2687 1163 2732 a
1175 2665 1336 2732 Torrenio

239 2765 406 2844 recedere,
429 2769 520 2850 quod
533 2787 612 2833 vero
625 2787 699 2833 raro
714 2767 920 2847 factumest,
942 2769 992 2833 uti
1005 2788 1049 2832 ex
1064 2767 1336 2834 annotationibus

240 2869 325 2931 meis
353 2874 387 2934 et
416 2871 665 2953 comparatione
694 2890 771 2936 cum
799 2877 896 2938 textu
917 2870 1122 2936 Turraniana
1151 2870 1337 2954 apparebit.

242 2965 412 3046 Quoniam
427 2990 506 3036 vero
521 2970 603 3049 vidi,
618 2972 740 3056 Pighil‚
750 2971 871 3051 colari,
886 2978 920 3037 et
933 2971 1061 3037 Vorstii
1071 2973 1288 3056 ,recensiones
1301 2973 1337 3036 iu

241 3069 457 3154 plurimorum
477 3073 632 3137 manibus
647 3091 741 3154 esse3
763 3075 854 3140 haud
866 3075 980 3138 inutile
999 3074 1068 3138 fore
1092 3073 1285 3153 arbitrabar,
1307 3076 1337 3141 si

240 3172 402 3254 potiorem
417 3167 613 3240 varietatem
624 3173 791 3240 Ieotionis
807 3175 922 3240 harum
935 3175 1130 3240 Editionum
1145 3175 1335 3260 adjicerem,

242 3279 278 3336 et
293 3273 343 3336 sic
358 3274 505 3357 quodam
519 3276 620 3341 modo
636 3277 822 3342 Historiam
836 3283 952 3342 textus
966 3277 1048 3342 editi
1062 3277 1268 3342 conficerem.
1295 3278 1338 3344 Iu

243 3393 311 3458 quo
338 3376 504 3440 simultis
527 3376 623 3460 justo
646 3379 813 3442 liberalior
840 3383 874 3443 et
896 3377 1068 3444 verbosior
1086 3376 1194 3442 luisse
1210 3379 1337 3459 videar,

243 3479 389 3560 cogitent
402 3477 512 3555 velim,
526 3497 581 3542 me
595 3481 716 3563 partim
730 3481 905 3563 abreptum
919 3499 994 3544 esse
1012 3480 1128 3545 saeculi
1141 3482 1245 3546 nostri
1259 3501 1338 3547 con-

242 3580 430 3656 suetudine,
454 3579 576 3662 partim
599 3579 709 3645 studio
733 3581 873 3660 criseas,
896 3582 987 3666 quod
1010 3601 1070 3646 uos
1098 3601 1191 3665 saepe
1213 3583 1338 3650 invitos

241 3681 373 3764 longius
397 3683 510 3746 trabit.
555 3681 630 3746 Etsi
656 3688 766 3748 autem
785 3691 973 3768 opportuna
996 3704 1034 3749 se
1054 3684 1135 3748 mibi
1158 3685 1339 3749 obtulisset

242 3783 388 3860 occasio,
409 3788 442 3846 et
456 3783 550 3866 larga
564 3784 704 3848 materia
722 3784 915 3868 disputandi
935 3786 977 3850 de
999 3787 1115 3868 genesi
1129 3784 1338 3851 Variantium

243 3883 450 3963 Lectionum,
465 3890 499 3948 et
514 3887 566 3951 sic
577 3885 675 3950 lamae
687 3905 771 3952 mese
786 3908 929 3972 meoque
943 3888 1112 3972 marsupio
1126 3887 1340 3970 consulendi,

242 3984 334 4048 nolui
349 3995 460 4050 tamen
474 3988 616 4053 lectores
631 3988 772 4071 fatigare
793 3996 851 4056 aut
866 3993 910 4056 iis
935 4009 1096 4055 nauseam
1118 4009 1239 4068 creare,
1261 4010 1340 4056 oum

242 4085 334 4162 milri,
356 4087 391 4150 in
416 4089 609 4172 colligendis
623 4089 737 4156 Variis
763 4092 979 4158 Lectionibus
1004 4099 1187 4175 occupato,
1210 4095 1339 4176 saepius

241 4185 372 4250 Plinius
398 4187 432 4250 in
457 4209 555 4254 aures
584 4191 812 4272 insusurraret,
841 4193 932 4278 quod
957 4193 1032 4258 Lib.
1058 4210 1098 4258 ιι.
1120 4194 1173 4258 14.
1205 4195 1337 4260 scribit:
