3050 4890
247 389 291 456 ὑὶ
591 405 639 452 os
662 402 1005 453 vacanro'vaxruo

250 552 336 616 satis
361 548 494 613 memini
509 548 660 613 aliorum.
705 549 746 613 In
760 549 870 615 medio
885 568 965 613 vero
980 565 1055 612 arvo
1071 549 1164 610 ona
1178 545 1241 610 suit
1263 547 1339 630 ejus

249 652 444 728 auctoritas,
458 656 495 714 ut
516 651 660 733 integras
681 653 904 716 narrationum
928 647 1064 714 tabulas
1077 648 1191 714 multis
1208 647 1339 714 dederit

249 751 551 834 transcriptoribus.
596 750 749 830 Quorum
771 757 943 816 auctorum
966 750 1117 815 nonnulli
1132 750 1218 816 adeo
1233 751 1275 816 de
1298 770 1339 815 eo

251 852 361 920 securi
377 851 518 930 suerunt,
532 859 570 916 ut
583 854 728 916 nominis
743 854 843 918 etiam
859 853 1029 936 potuerint
1048 852 1215 917 oblivisci.
1259 851 1340 916 Ful·

250 958 363 1019 bertus
378 951 603 1031 Caruoteusis,
618 955 676 1036 qni
691 954 797 1036 Epist.
812 953 866 1018 96.
881 953 1055 1018 Valerium
1082 952 1209 1018 Rufum
1230 961 1342 1019 vocat.

251 1057 443 1120 Sermonem
458 1055 529 1138 ejus
544 1055 715 1118 incessunt
729 1054 844 1137 aliqui.
888 1053 999 1118 Nobis
1021 1073 1102 1118 saue
1117 1051 1291 1118 militarior
1305 1060 1342 1119 et

252 1157 459 1234 castrensior,
474 1175 574 1238 quam
589 1156 721 1220 civilior
742 1161 775 1220 et
797 1156 955 1220 urbanior
967 1156 1107 1233 videtur,
1136 1161 1248 1220 nmen
1262 1156 1342 1220 talis

191 1332 194 1340 .
251 1265 291 1324 ut
312 1258 441 1325 adhoc
463 1258 655 1340 scriptionis
679 1279 782 1339 genus
808 1257 1065 1322 commodiorem
1090 1261 1204 1341 putem
1228 1257 1342 1322 soluto

253 1361 382 1444 aliquo,
397 1371 432 1423 et
446 1359 578 1423 lumbos
593 1359 635 1424 ad
650 1361 795 1423 alienum
811 1359 982 1422 arbitrium
998 1359 1158 1422 trahente.
1193 1355 1263 1435 Qui
1277 1355 1342 1422 Vi-

252 1463 398 1526 truvium
409 1461 620 1544 Pliniumque
636 1461 799 1524 seniorem
813 1461 939 1542 legarit,
954 1465 1080 1544 partem
1097 1460 1202 1524 etiam
1217 1457 1341 1527 Velleii
1384 1513 1387 1522 ,

253 1563 435 1641 Paterculi,
443 1562 534 1627 nullo
549 1568 733 1646 temporum
742 1561 939 1646 praejudicio
953 1562 996 1626 ad
1009 1559 1140 1626 Valerii
1154 1560 1342 1627 damuatio·

252 1685 327 1729 uem
340 1666 458 1730 veniet.
502 1663 673 1742 Quaesivit
698 1667 733 1728 iu
758 1666 859 1729 rebus
884 1665 980 1729 seriis
996 1663 1180 1729 orationem
1195 1659 1340 1746 gravem,

253 1769 417 1845 strictam,
429 1766 606 1844 ardentem,
631 1767 763 1850 plenam
780 1767 926 1832 censuris
950 1773 984 1831 et
1008 1765 1184 1830 laudibus:
1205 1767 1240 1830 in
1261 1787 1342 1832 con-

253 1869 361 1934 trariis
376 1868 618 1932 narrationibus
632 1877 864 1952 properantem
879 1875 914 1934 et
928 1870 1170 1948 vehementem,
1196 1887 1261 1952 quo
1286 1887 1343 1951 ge-

253 1989 330 2035 nere
346 1969 544 2035 Historiolaa
558 1969 642 2034 tales
662 1978 753 2055 apte,
768 1972 906 2050 fortiter,
921 1971 1111 2049 efficaciter,
1124 1978 1158 2037 et
1177 1969 1344 2054 profunde

253 2072 374 2136 animis
387 2071 573 2156 praesertim
585 2078 773 2155 magnatum
786 2073 1037 2158 imprimuntur:
1053 2073 1143 2156 quod
1159 2091 1238 2154 ergo
1253 2071 1287 2136 iu
1298 2091 1343 2136 eo

254 2175 445 2258 vituperant
458 2175 519 2252 illi,
532 2191 594 2238 nos
608 2193 683 2238 cum
699 2174 814 2258 primis
828 2173 1017 2253 laudamus,
1041 2182 1077 2238 et
1094 2173 1259 2258 judicium
1284 2192 1344 2236 oa-

255 2283 337 2341 turae
347 2275 502 2359 junctum
516 2276 736 2360 agnoscimus.

747 2427 854 2494 Idem.

298 2557 454 2624 Valerius
469 2557 643 2623 Maximus
668 2559 866 2626 utilissimus
889 2562 1092 2638 auctorest,
1119 2566 1151 2626 et
1177 2561 1345 2626 Romanis

256 2661 356 2724 rebus
369 2660 562 2724 florentibus
573 2659 661 2724 baud
675 2661 841 2744 ignobilis,
849 2669 966 2748 utpote
977 2683 1075 2747 quem
1089 2662 1344 2744 laudentmagni

257 2759 432 2841 Philologi,
447 2761 509 2824 etsi
537 2761 628 2844 prior
649 2761 835 2845 posteriore
859 2765 958 2847 longo
978 2765 1151 2830 intervallo
1166 2765 1345 2848 posterior,

255 2862 456 2926 Plutarchus
472 2867 505 2926 et
519 2861 681 2946 Agellins.
726 2863 928 2931 Rectissime
951 2867 993 2931 de
1018 2887 1060 2932 eo
1085 2872 1201 2932 censet
1219 2866 1262 2931 ad
1278 2865 1344 2928 Eu-

256 2963 386 3028 sebium
401 2963 552 3047 Scaliger
574 2965 757 3048 plurimum
777 2967 935 3032 interesse
958 2967 1058 3050 Roip.
1074 2967 1248 3033 Literariaa
1270 2985 1345 3030 eum

254 3073 371 3130 extare
393 3066 435 3130 ad
458 3073 575 3130 nostra
588 3073 749 3150 tempora.
793 3067 840 3133 Ut
863 3069 1034 3134 minimum
1059 3069 1148 3132 enim
1170 3067 1346 3132 Dictorum

257 3165 501 3250 Factorumque
526 3167 763 3234 Memorabiles
780 3168 988 3234 Historiolas
1003 3175 1133 3234 cenbrm
1155 3175 1189 3234 et
1213 3169 1347 3252 triginta

256 3268 289 3331 in
304 3287 344 3331 eo
357 3287 530 3351 superesse
544 3269 726 3352 aliquando
739 3271 864 3348 notavi,
887 3291 1026 3354 quorum
1048 3272 1205 3348 damnum
1219 3271 1347 3336 amisso

254 3369 319 3432 boc
334 3374 470 3432 auctore
486 3387 531 3432 ex
546 3371 641 3433 nullo
657 3369 724 3434 alio
746 3371 893 3454 reparari
915 3373 1036 3455 possit.
1080 3372 1242 3437 Barbarie
1261 3375 1345 3436 tem·

255 3469 394 3554 poribus
421 3469 610 3534 tritissimue
635 3470 699 3534 tuit
722 3471 765 3534 ob
789 3473 983 3538 varietatem
1008 3477 1254 3540 narrationum:
1278 3493 1347 3558 qno

256 3589 371 3653 genere
396 3567 552 3635 delectati
579 3573 725 3636 maxime
754 3573 890 3640 luerunt
912 3575 1032 3641 Patres
1057 3577 1108 3642 illi
1132 3575 1347 3642 Scholastici.

256 3671 390 3736 Habuit
405 3671 536 3736 illorum
545 3674 744 3738 saeculorum
758 3695 824 3741 uno
837 3685 1018 3742 amatorem
1030 3679 1191 3763 insignem
1203 3678 1345 3743 Dauicaa

257 3773 419 3838 Historiae
436 3772 640 3837 conditorem
654 3774 820 3840 Saxonem
836 3777 1111 3858 Grammaticum,
1121 3781 1170 3844 sic
1183 3779 1267 3844 satis
1281 3777 1347 3842 Ira-

255 3874 398 3940 tinitatis
412 3874 597 3940 scribenda
612 3894 772 3959 capacem
786 3885 970 3960 auctorem,
995 3889 1029 3946 et
1053 3880 1191 3965 politam
1213 3881 1348 3944 omnino

257 3993 359 4058 supra
384 3981 519 4060 captum
541 3979 651 4044 aetatis
677 3999 761 4046 suae.
806 3981 871 4046 Est
896 3990 1009 4047 autern
1029 4001 1153 4066 magna
1178 3981 1348 4048 accuratio

256 4075 385 4144 Valerii
399 4079 432 4142 in
446 4079 579 4160 multis;
601 4085 638 4144 ut
661 4083 765 4148 multa
786 4083 903 4148 melius
920 4089 1030 4149 narrat
1043 4085 1128 4168 ipsis
1143 4085 1348 4161 auctoribus,

255 4179 345 4246 unde
361 4182 473 4260 sumit,
488 4182 614 4248 additis
629 4184 826 4269 plerumque
850 4187 1022 4271 praeclaris
1041 4187 1187 4254 monitis.
1231 4187 1349 4254 Libro-
