3100 4898
503 389 585 442 oar.
602 391 659 443 ιιι.
684 393 733 441 nn
756 393 973 446 nastensis.
1220 381 1285 448 369

187 534 302 614 tionis,
333 553 434 618 quam
463 535 598 602 consilii
628 536 881 614 salubritatem,'
900 538 1011 604 valere
1040 539 1285 620 animadvertit,

186 636 413 701 nobilissimos
428 636 500 720 ejus
516 637 664 703 civitatis
680 639 908 705 adolescentes
932 641 1119 724 cupiditate
1142 643 1286 710 liberan-

187 736 239 801 dae
253 739 373 820 patriae
387 739 614 804 inflammavit.
659 739 767 823 Cujus
782 742 832 805 rei
853 761 928 806 cum
944 743 1104 808 indicium
1119 745 1163 808 ad
1176 752 1287 828 tyran·

186 857 266 902 num
279 848 461 918 manasset,
476 849 665 907 convocato
691 843 725 906 in
754 841 863 908 iorum
888 845 1026 928 populo,
1046 851 1196 930 torquere
1211 867 1286 914 eum

185 940 280 1004 vario
297 942 465 1006 cruciatus
476 962 594 1024 genere
604 943 724 1026 coepit:
740 944 882 1008 subinde
895 941 1074 1027 quaerens,k
1088 967 1253 1030 quosnam
1261 958 1286 1000 ¹⁹

187 1042 321 1106 consilii
336 1044 521 1127 participes
535 1045 680 1110 baberet.
725 1043 773 1110 At
797 1046 855 1110 ille
878 1066 939 1111 uec
963 1067 1079 1112 eorum
1094 1051 1284 1132 quempiam

186 1146 384 1224 nominavit,
409 1147 469 1211 sed
496 1149 687 1230 proximum
711 1169 879 1234 quemque
906 1169 947 1214 ac
973 1150 1171 1214 fidissimum
1182 1158 1210 1188 ²⁰
1231 1161 1285 1234 ty-

188 1266 292 1312 ranno
308 1255 501 1332 suspectum
524 1251 685 1316 reddidit:
707 1253 977 1334 increpitansque
992 1250 1214 1335 Agrigentinis
1237 1254 1286 1336 ig·

188 1351 322 1414 naviam
336 1370 376 1416 ac
395 1353 619 1432 timiditatem,
643 1353 763 1432 effecit,
786 1363 835 1432 ut,
864 1355 978 1418 subito
1001 1355 1123 1418 mentis
1138 1355 1285 1438 impulsu

188 1453 361 1530 concitati,
392 1453 562 1519 Phalarim
586 1457 756 1539 lapidibus
779 1463 1027 1540 prosternerent.
1078 1456 1180 1522 Senis
1209 1475 1286 1538 ergo

187 1553 286 1616 unius
302 1553 418 1620 eculeo
429 1563 453 1594 ²¹
467 1552 474 1592 ¹
494 1558 643 1641 impositi
660 1579 726 1646 uon
743 1561 885 1642 supplex
902 1577 985 1638 vox,
1007 1578 1069 1622 nec
1083 1559 1286 1624 miserabilis

188 1653 356 1736 ejulatus;
379 1657 437 1721 sed
453 1657 549 1724 sortis
562 1659 745 1724 cohortatio
759 1660 865 1724 totius
888 1661 982 1724 urbis
1002 1660 1160 1738 animum,
1184 1660 1287 1726 sortu-

187 1775 332 1840 namque
347 1760 515 1824 mutarint

230 1857 262 1922 3.
286 1859 446 1944 Ejusdem
476 1862 623 1925 nominis
652 1863 905 1946 philosophus,¹¹¹
938 1883 1016 1929 cum
1044 1882 1066 1926 a
1091 1863 1286 1928 Nearcbo²²

188 1964 339 2042 tyranno,
353 1961 396 2024 de
411 1961 510 2044 cujus
526 1981 609 2027 nece
624 1965 802 2027 consilium
817 1965 949 2040 inierat,
960 1969 1183 2047 torqueretur,
1207 1986 1287 2048 sup·

185 2061 284 2143 plicii
301 2065 424 2146 paritor
439 2072 541 2146 atque
557 2064 812 2129 indicandorum
828 2066 1038 2130 consciorum
1052 2066 1169 2148 gratia
1189 2067 1287 2134 dolo·

187 2165 234 2226 ris
250 2165 368 2244 victor,
390 2164 448 2228 sed
471 2165 611 2230 ultionis
625 2165 782 2248 cupidus,
798 2183 873 2230 esse
888 2165 978 2230 dixit
999 2167 1109 2248 ‘quod
1134 2185 1211 2231 eum
1235 2187 1287 2232 se-

189 2270 279 2330 creto
296 2264 411 2329 audire
426 2265 604 2329 admodum
619 2265 821 2348 expediret?
842 2267 1027 2351 laxatoque
1042 2267 1169 2346 eculeo,
1193 2275 1287 2351 post-

187 2384 287 2450 quam
304 2365 434 2431 insidiis
450 2374 673 2450 opportunum
688 2373 818 2450 tempus
833 2368 1073 2447 animadvertit,
1083 2387 1196 2434 aurem
1211 2371 1286 2456 ejus

646 2529 766 2551 ΟΟΟΟΟ
767 2529 828 2552 m

186 2645 252 2694 nott.
271 2643 400 2706 probante
418 2645 631 2697 Perimula-lb
649 2647 743 2710 copes.
762 2647 838 2696 Harl.
859 2646 946 2696 Bitnr.
965 2655 993 2696 et
1015 2646 1095 2698 Borb.
1115 2652 1139 2698 l.
1158 2652 1285 2711 messor

188 2709 261 2759 Laid.
272 2713 295 2758 2.
308 2713 332 2758 8.
343 2725 462 2773 quorsom,
474 2713 506 2761 al.
518 2717 702 2774 quosnam-ao
718 2713 786 2762 lidd.
797 2719 858 2762 onte
870 2712 1005 2776 Pigbinru:
1023 2716 1047 2762 et
1063 2715 1196 2774 proximum
1207 2727 1285 2774 quors-

186 2789 230 2836 que
240 2790 268 2823 os
276 2774 460 2838 fidelissimum
476 2777 550 2824 multi
560 2776 636 2826 codd.
648 2777 725 2826 etism
734 2777 974 2843 fidelissimum-ll
993 2775 1025 2825 ln
1042 2777 1169 2826 nonnullis
1185 2778 1287 2840 equuleo.

186 2841 252 2887 —22
267 2839 368 2888 ‘codd
380 2847 408 2888 et
419 2839 479 2890 edd.
490 2840 544 2890 anti
565 2855 604 2889 nte
616 2840 681 2890 bunc
693 2855 783 2890 vocem
802 2841 871 2890 uarie
891 2849 1072 2902 corruperunt,
1088 2850 1116 2890 ut
1137 2839 1192 2888 fere
1212 2839 1241 2888 iit
1259 2841 1286 2890 in

187 2903 332 2951 nominibus
344 2903 472 2967 propriis:
492 2918 529 2952 sc.
572 2905 672 2962 ieorcbo,
686 2905 793 2966 clearco,
806 2904 918 2965 cleotioo,
932 2904 1048 2966 Etenim,
1061 2903 1157 2964 Elorco,
1169 2907 1286 2956 Aleorco:

187 2966 290 3028 qnidam
302 2975 408 3016 servant
425 2981 523 3016 rernm.
558 2969 682 3018 Noorebss
700 2969 751 3020 t'uit
771 2977 896 3032 tyrannus
916 2969 1033 3016 Eleotsor.
1066 2969 1130 3018 Mox
1150 2974 1240 3029 ternpus
1259 2968 1286 3016 in

188 3029 270 3079 tribus
281 3031 346 3080 Mss.
357 3031 496 3096 omittitur,
511 3031 579 3096 quod
592 3033 696 3082 Modius
716 3039 838 3096 tanquam
854 3033 982 3095 glossema
1002 3031 1101 3096 rejecit,
1117 3031 1286 3096 probantibus

686 3161 793 3228 sons

219 3295 479 3362 kSrsbissdsqttouesss]
506 3299 565 3348 Hoc
585 3297 716 3348 tortitudi·
791 3295 866 3355 tAn.
879 3297 917 3346 M.
927 3299 1001 3348 8558.
1028 3294 1158 3346 ottus.
1179 3294 1284 3348 Urbe.

187 3373 227 3422 nis
237 3375 378 3436 specimen,
396 3375 463 3440 qnod
476 3376 600 3439 sequitur,
612 3375 716 3424 dedisse
757 3376 813 3422 πῖ.
830 3373 892 3422 Aut.
905 3373 935 3422 C.
947 3376 1005 3421 ⁴9⁵.

187 3447 278 3510 t'ertnr,
291 3455 329 3510 nt,
339 3464 398 3498 curn
416 3450 559 3499 simulasset
577 3450 672 3499 babere
688 3464 717 3499 se
789 3454 808 3480 ¹²
820 3447 934 3508 nutem
942 3446 1043 3495 nomisis
1055 3445 1219 3511 philosophus]
1236 3447 1284 3495 Er·

188 3524 329 3588 quidpiam,
338 3525 406 3590 qnod
419 3527 444 3574 in
461 3539 548 3574 aurem
559 3533 668 3590 tyranno
679 3525 717 3574 di·
758 3532 798 3575 rat
809 3524 851 3574 bic
863 3523 997 3584 Valedusp
1014 3537 1064 3573 nac
1076 3523 1143 3572 euim
1159 3521 1286 3574 illesZe·

188 3609 269 3662 caret,
292 3601 402 3665 primurn
428 3616 515 3650 aurens
532 3601 578 3662 illi,
597 3609 650 3650 tum
669 3601 717 3650 sibi
758 3613 824 3649 none
836 3599 928 3650 Eleate
940 3597 1055 3648 diversus
1076 3595 1134 3648 luit.
1165 3597 1229 3646 Tres
1247 3594 1287 3654 iu,-

187 3675 310 3740 lingnom,
334 3691 367 3726 ne
392 3677 577 3742 conjurationis
602 3677 717 3728 conscios
757 3689 801 3725 ere
812 3675 970 3738 Philosophi,
982 3673 1074 3738 quibus
1085 3671 1201 3721 omnibns
1218 3671 1286 3722 idem

188 3751 320 3814 proderet,
330 3752 450 3801 dentibus
462 3751 619 3815 praeciderit.
757 3751 868 3800 Zenonis
883 3763 976 3799 nornen
995 3747 1059 3796 tuit:
1077 3761 1143 3796 unus
1161 3748 1193 3808 is,
1210 3761 1287 3811 quens

220 3825 337 3890 ¹Eouleo]
362 3828 459 3891 lignes
476 3836 576 3877 catasta
595 3836 623 3878 ot
640 3828 716 3878 cocb·
756 3826 833 3876 ruodo
844 3824 970 3874 diximus:
989 3823 1180 3874 slterStoicos:
1194 3823 1287 3872 tertius

188 3903 256 3952 lsats
275 3902 312 3952 sd
327 3901 511 3952 intendendum
530 3911 558 3952 st
584 3902 716 3952 remittsu·
757 3903 914 3965 Epicureus,
941 3899 985 3963 qui
1007 3898 1140 3971 Ciceronis
1170 3905 1287 3960 tempore

186 3978 247 4028 duos
265 3979 302 4028 its
321 3985 382 4041 opto
410 3975 549 4040 fabricatu,
574 3985 603 4026 ut
622 3977 717 4026 ossium
756 3975 861 4036 floruit,
879 3989 988 4039 quorum
1005 3981 1115 4038 uterque
1132 3974 1182 4022 alio
1196 3973 1287 4023 mortis

188 4070 328 4119 corrrpagss
339 4055 540 4106 divellerentur:
561 4055 602 4106 uel
612 4054 646 4106 sb
657 4053 718 4118 equi
757 4064 854 4116 genere
863 4051 928 4102 obiit
939 4067 946 4102 z
964 4065 1029 4101 unns
1039 4049 1142 4099 Eleates
1153 4047 1286 4113 suppliciis

187 4131 279 4196 forms,
293 4133 335 4184 rel
353 4133 385 4183 sb
405 4133 507 4182 ardenti
521 4131 615 4184 lsruios
625 4145 718 4182 nornen
757 4135 863 4180 necatus
874 4135 923 4178 est.

187 4205 276 4257 babet.

252 4287 340 4351 Delpts.
349 4293 373 4338 et
389 4287 445 4340 Vos.
458 4288 524 4340 ctos.
666 4286 720 4336 Vol.
732 4286 804 4336 dioc.
1166 4289 1182 4336 2
1199 4284 1222 4332 Α
