3050 4890
453 1025 1158 1150 PRAEFATIO.

671 1347 940 1375 μ

255 1568 379 1656 Anrn
403 1593 525 1656 multos
547 1611 654 1656 annos
677 1609 751 1654 cuni
767 1587 939 1654 Valerium
954 1586 1155 1665 Maximum,
1175 1585 1273 1670 cujus
1285 1600 1352 1649 non

255 1713 385 1778 paucas
400 1694 580 1776 particulas
597 1712 617 1756 a
631 1694 740 1776 prima
755 1692 868 1756 statim
888 1691 1116 1756 adolescentia
1135 1689 1350 1766 edidiceram,

256 1794 421 1860 Historiae
437 1813 542 1858 causa
556 1796 677 1858 iterum
691 1795 725 1857 in
740 1813 859 1858 manus
874 1795 1083 1870 sumsissem,
1098 1799 1132 1858 et
1144 1791 1218 1876 ejus
1229 1807 1352 1854 novam

256 1893 456 1973 Editiouern,
480 1914 556 1959 eum
571 1895 733 1958 studiosae
757 1894 945 1976 juventutis
969 1902 1041 1960 turn
1066 1895 1207 1959 aliorum
1232 1891 1352 1956 usibus

256 1997 556 2072 accommodatam,
571 2015 688 2079 parare
708 1995 801 2078 apud
821 1997 967 2060 animum
980 1997 1245 2074 constituissem
1267 1991 1352 2057 nihil

254 2095 336 2158 mihi
360 2099 475 2179 potius
497 2096 573 2173 suit,
598 2115 700 2178 quarn
723 2101 761 2159 ut
787 2114 863 2160 cum
885 2096 958 2179 ejus
970 2097 1067 2179 stylo
1089 2095 1352 2160 familiaritatem

135 2259 138 2266 ,
255 2196 401 2280 aliquam
418 2197 659 2276 contraherem,
685 2217 752 2280 quo
774 2197 809 2260 in
823 2197 908 2261 locis
931 2198 1045 2262 dubiis
1067 2197 1224 2262 sanandis
1239 2202 1273 2260 et
1290 2214 1351 2259 ex-

255 2299 420 2380 plicandis
444 2301 553 2364 minus
579 2320 601 2364 a
621 2300 758 2364 veritate
781 2299 977 2364 aberrarem.
1020 2298 1146 2363 Totum
1168 2299 1268 2381 igitur
1281 2295 1353 2361 Va-

255 2397 327 2461 lerii
349 2403 486 2474 testum,
508 2399 710 2480 posthabitis
735 2399 890 2464 omnibus
913 2401 1058 2464 virorum
1082 2400 1254 2465 doctorum
1281 2397 1354 2461 ani·

256 2497 552 2574 rnadversionibus,
566 2515 634 2560 uno
658 2503 771 2559 tenore
795 2497 925 2578 saepius
948 2497 1085 2579 perlegi,
1109 2504 1144 2562 et
1168 2517 1244 2582 quae
1270 2500 1353 2562 milri

255 2600 341 2663 inter
362 2597 538 2680 legendum
553 2599 607 2662 vel
632 2597 859 2681 explicatione
873 2598 928 2662 vel
950 2601 1181 2664 emendatione
1194 2599 1353 2664 rideban-

256 2707 309 2766 tur
337 2699 494 2781 iudigere,
529 2698 686 2790 studiose,
708 2700 876 2777 annotari,
905 2699 942 2764 in
972 2701 1184 2784 schedasque
1212 2701 1351 2785 conjeci.

258 2799 360 2866 Natee
377 2808 456 2864 sunt
471 2799 593 2864 exinde
603 2801 764 2883 plusculae
777 2800 929 2883 cujusvis
943 2803 1073 2883 generis
1089 2803 1361 2893 observationes,

257 2921 342 2986 quas
356 2903 406 2966 uti
421 2901 579 2984 temporis
600 2901 686 2965 ratio
706 2902 843 2979 serebat,
864 2901 1025 2984 paulatim
1048 2904 1140 2980 auxi,
1165 2904 1352 2981 emendavi,

257 3006 375 3070 melius
389 3005 522 3088 digessi,
538 3010 607 3078 aut,
620 3003 762 3068 rectiora
780 3003 928 3080 edoctus,
943 3021 1080 3086 prorsus
1090 3003 1210 3068 delevi.
1254 3005 1351 3082 Post,

256 3107 313 3170 ubi
327 3107 486 3190 pleraque
501 3105 586 3169 satis
600 3123 744 3169 excussa
754 3104 834 3168 milri
847 3105 1048 3183 ridebantur,
1062 3106 1158 3189 ipsos
1173 3105 1352 3171 Commen-

259 3207 363 3270 tarios
386 3206 481 3288 coepi
504 3205 690 3282 consulere,
717 3206 890 3289 inprimis
916 3206 1037 3289 Pighii,
1062 3206 1184 3284 Coleri,
1208 3207 1351 3287 Vorstii‚

258 3307 437 3384 Perizonii,
461 3307 688 3390 Torrcniique,
716 3306 765 3390 (hi
788 3308 876 3371 enim
899 3309 933 3370 in
952 3306 1081 3373 Valerii
1105 3308 1351 3393 Interpretibus

257 3409 356 3472 facile
370 3408 595 3491 principatum
605 3406 743 3490 tenent,)
756 3407 935 3486 Glareano,
952 3408 1111 3487 Corrado,
1125 3409 1256 3493 Lipsi0,
1268 3409 1352 3474 Bar-

259 3509 340 3586 thio,
357 3509 518 3591 Ruperto,
533 3509 678 3592 Guyeto,
695 3509 819 3588 Gudio,
835 3510 1050 3589 Schultingio,
1065 3511 1208 3594 aliisque
1223 3510 1351 3589 multis,

259 3611 315 3692 qui
337 3611 373 3684 ὥς
396 3611 422 3671 ἓν
447 3608 558 3696 παρόδῳ
581 3611 708 3675 Valerii
732 3631 832 3675 unum
857 3613 1038 3676 alterumve
1059 3613 1170 3676 locum
1199 3612 1351 3695 explica·

257 3717 384 3787 verant,
408 3731 471 3774 non
486 3711 651 3793 neglectis.
696 3710 750 3774 Ex
763 3713 826 3790 his,
845 3731 921 3796 quae
938 3713 981 3776 ad
995 3711 1170 3777 Valerium
1184 3713 1352 3778 illustran-

259 3811 337 3874 dum
356 3811 466 3875 facere
481 3812 689 3888 videbantur,
703 3811 876 3894 diligenter
889 3815 1063 3898 excerpsi3
1086 3819 1132 3893 et,
1147 3815 1282 3879 omissis
1295 3815 1351 3894 iis,

260 3931 336 3994 quac
352 3912 395 3974 ad
412 3911 642 3975 ostentandam
656 3912 884 3977 tantummodo
899 3915 1112 3979 emditionem
1126 3915 1216 3980 dicta
1230 3922 1353 3994 essent,

260 4019 320 4074 aut
335 4013 481 4076 auctoris
499 4013 676 4078 lectionem
695 4013 775 4077 nihil
797 4013 965 4096 juvarent,
991 4016 1158 4082 modicum
1181 4017 1353 4100 quoddam

261 4113 491 4194 corpusculum
503 4113 577 4189 leci,
592 4123 629 4177 ut
639 4114 780 4177 lectores
789 4114 822 4176 in
837 4115 928 4180 brevi
942 4119 1038 4198 quasi
1053 4117 1351 4194 tabellahaberent,

261 4231 336 4295 quae
352 4233 494 4296 uuquam
515 4217 631 4281 aviris
655 4215 764 4278 doctis
787 4215 830 4278 ad
845 4215 1017 4282 Valerium
1037 4219 1283 4303 explanandum
1297 4239 1352 4283 es·
