3108 4894
519 326 599 383 cue.
616 327 640 380 ι.
666 327 714 378 ns
739 327 978 380 scorcione·
1230 314 1295 384 tun

192 466 322 534 stantia
342 467 532 536 obtinendos
551 469 734 554 religionis,
762 489 900 556 maguus
926 473 1292 560 coelestibus-injectus

194 575 247 634 cst
260 570 359 634 rubor
371 569 510 638 ulterius
534 571 698 642 adversus
723 591 797 638 eum
820 575 983 640 seniendi
998 583 1139 658 gentem,
1160 597 1239 662 qum
1253 597 1295 645 no

193 669 389 814 injuriumln}
415 673 551 758 quidem
580 675 829 742 acerbitatem
854 695 972 744 eornm
999 678 1089 744 culto
1114 680 1293 746 absterreri

195 775 352 858 potuerit.
388 781 400 810 ²

651 921 862 974 secundus.

237 1039 292 1108 16.
316 1039 487 1108 Creditum
502 1037 591 1122 est,⁶³
614 1037 817 1108 Varronem¹
838 1047 1008 1112 consulem
1024 1047 1115 1132 opud
1128 1045 1262 1114 Gonnos
1273 1057 1293 1084 ¹·

196 1163 271 1208 oum
293 1143 624 1228 Carthaginiensibus
649 1153 718 1209 tem
740 1145 917 1214 infeliciter
939 1148 1120 1214 dimicasse
1143 1151 1188 1214 ob
1210 1151 1300 1226 irum

194 1243 398 1312 Jun0n1s2⁶⁴
419 1247 506 1332 quod
523 1267 598 1312 cum
613 1246 713 1312 ludos
730 1245 929 1312 Circenses*
951 1249 1084 1315 aedilis⁰
1104 1251 1241 1328 fuceret,
1258 1253 1293 1318 iu

227 1429 236 1463 ‘
253 1430 314 1486 Qsoe
322 1431 416 1494 quidem
426 1433 557 1484 conuentis
568 1433 595 1483 is
604 1433 745 1483 obsereosdu
755 1433 870 1494 religiose
878 1433 967 1498 pudore
977 1435 1076 1498 quodum
1085 1434 1167 1500 uffess'i
1180 1437 1254 1498 Deos,
1271 1441 1295 1485 st

191 1493 247 1544 illes
257 1497 328 1544 erosit
338 1511 367 1546 se
377 1499 485 1562 deinceps
491 1501 670 1548 udsersurestur
679 1497 718 1548 ilii
727 1499 827 1564 omissi,
834 1513 886 1563 qsae
893 1511 938 1548 son
949 1505 1058 1563 potuerat
1069 1501 1164 1550 soccum
1175 1501 1204 1550 ob
1215 1515 1295 1552 esrum

192 1561 256 1608 suits
275 1562 437 1623 magnitudine
446 1563 521 1614 clodis
530 1569 639 1627 acceptu.

197 1767 280 1834 Vulgo
290 1775 415 1834 paueret.-
431 1771 570 1822 lectionem
582 1777 697 1824 nostram
708 1787 741 1822 ex
752 1771 906 1837 quibusdam
919 1772 996 1824 codd.
1013 1775 1128 1824 restituit
1138 1771 1297 1832 ’l'orreuius;

195 1847 271 1898 quam
282 1836 404 1886 exhibent
414 1837 493 1885 etism
505 1837 565 1886 Vei.
578 1838 647 1900 Mog-
660 1839 767 1886 Veneti.
790 1841 813 1886 1.
831 1841 855 1886 i.
872 1837 980 1887 Mediol.
1001 1843 1024 1888 i.
1044 1844 1069 1888 Ξ.
1087 1845 1114 1889 et
1134 1839 1294 1902 stepin-et

196 1898 299 1948 Noram
310 1907 390 1963 eaput
399 1901 438 1950 De
449 1901 566 1963 Negiestu
580 1901 702 1962 Religion
711 1901 753 1950 iric
764 1900 900 1950 ordiuntur
910 1915 998 1950 omnes
1009 1901 1087 1952 codd.
1106 1909 1134 1952 et
1151 1903 1216 1952 edd.⁴
1233 1911 1297 1951 aute

196 1961 391 2028 Figulum-di
408 1965 695 2016 monasterienses
706 1978 780 2016 esse:
797 1964 826 2013 ud
836 1965 875 2014 iro
886 1966 1064 2016 denorum—65
1081 1967 1296 2017 dehonestum

697 2093 805 2146 NO'l'AE

230 2197 391 2264 irmeneus]
402 2199 733 2254 C.'l‘ereotinsvarrodie-
774 2203 843 2261 suut,
859 2196 922 2263 qnid
942 2199 1034 2248 Circus
1055 2193 1143 2262 fuerit,
1160 2193 1229 2246 unde
1250 2195 1301 2247 lroe

197 2281 313 2336 ineest,
339 2277 430 2325 humili
451 2277 510 2326 loeo
534 2283 627 2337 natus;
654 2283 733 2340 pater
775 2275 812 2323 iili
822 2285 925 2337 nomeu,
941 2274 1035 2338 quique
1047 2273 1101 2322 indi
1116 2273 1142 2322 in
1154 2285 1186 2321 eo
1197 2271 1303 2321 exhibe·

198 2351 268 2400 enim
287 2351 368 2410 illius,
384 2357 454 2400 teste
471 2349 555 2412 Livio,
571 2351 656 2400 lanius
673 2349 733 2414 luit,
773 2355 872 2400 rentur.
894 2355 916 2400 i.
932 2351 998 2401 Cum
1011 2351 1125 2399 liomsnu
1135 2361 1177 2398 res
1188 2348 1302 2398 noudum

199 2424 346 2488 mercisque
362 2425 476 2489 institor,
493 2425 597 2491 filioque
610 2427 635 2476 iu
647 2425 734 2476 servili
774 2426 938 2489 adolevisset,
961 2426 987 2475 iu
1006 2427 1089 2476 insula
1107 2425 1229 2475 'liberios
1247 2424 1302 2474 ludi

199 2502 255 2567 ejus
267 2500 330 2550 srtis
342 2501 567 2552 ministeriousus.
595 2501 734 2552 lsmortno
774 2503 884 2566 primurn
906 2501 1032 2552 celebrati
1041 2493 1050 2550 i
1073 2507 1148 2551 eraut
1165 2515 1213 2564 pso
1232 2505 1303 2549 mets

200 2584 287 2639 patre,
304 2575 488 2638 proclamando
500 2591 547 2641 pro
564 2576 675 2627 sordidis
688 2577 733 2628 ho·
774 2591 851 2628 enses
862 2591 894 2626 ex
905 2589 956 2627 uus
967 2584 1051 2640 purte,
1061 2589 1094 2626 ex
1105 2578 1187 2626 altere
1195 2575 1302 2626 Tiberis.

200 2649 312 2700 minibus
324 2650 447 2702 adsersus
459 2667 514 2704 rem
532 2651 679 2718 famamque
689 2653 734 2702 bo·
774 2653 818 2703 Its
827 2653 940 2704 Servius.
962 2652 1064 2701 Deinde
1075 2652 1227 2716 i'srquiuins
1235 2651 1306 2701 Pris-

202 2741 302 2791 norum,
331 2728 415 2792 primo
435 2728 461 2778 iu
493 2729 582 2794 populi
605 2729 734 2791 notitiem,
774 2743 819 2780 ons
839 2729 909 2778 iuter
927 2728 1075 2777 Palatinum
1095 2735 1123 2777 et
1145 2726 1303 2778 Aventinum

202 2803 296 2854 deiude
312 2804 345 2854 ad
364 2805 474 2854 honores
493 2803 622 2869 persenit.
657 2805 735 2856 Quer-
774 2811 887 2854 montem
898 2803 1000 2852 Circum
1015 2803 1154 2852 maximum
1166 2803 1309 2866 exstruxit,

204 2884 276 2928 stura
295 2877 404 2942 duplici,
420 2878 554 2929 AEdilitste
566 2887 620 2930 tom
633 2878 737 2942 plebeis
776 2880 849 2943 eujus
860 2877 995 2940 longitudo
1007 2879 1084 2928 trium
1093 2878 1235 2927 studiorum
1245 2891 1306 2926 euru
1358 2935 1366 2954 ⁸

203 2961 261 3005 tem
279 2954 373 3016 curuli,
387 2954 558 3020 Proetursqne
571 2953 735 3019 perfunctus,
776 2953 891 3014 dimidio,
906 2953 1017 3002 istitudo
1039 2959 1150 3018 quatuor
1167 2953 1304 3016 jugerum:

205 3028 375 3080 Consulatum
389 3028 500 3092 adeptus
514 3031 643 3080 esthemo
655 3037 736 3080 teme·
777 3038 831 3081 tom
843 3037 941 3080 tectum
954 3031 1113 3093 impositum,
1123 3029 1215 3079 sedilia
1226 3028 1308 3092 facts,

204 3104 307 3164 terion
322 3103 365 3152 cni
383 3105 554 3168 posseisdem
567 3107 737 3168 Cannensem,
777 3107 835 3156 loos
844 3106 869 3154 in
881 3105 988 3168 triginta
999 3105 1084 3154 curius
1099 3105 1197 3155 dirius:
1215 3104 1306 3155 edno-

204 3179 283 3244 eujus
306 3185 397 3230 auctor
418 3178 514 3244 iuerat,
535 3183 560 3230 in
583 3181 674 3232 urbem
697 3197 737 3232 re·
779 3181 826 3231 bus
848 3180 972 3230 lateribus
994 3180 1093 3244 Euripo
1115 3181 1237 3244 cingitur,
1262 3181 1308 3246 qni

205 3254 308 3316 deuoti,
320 3256 483 3320 eispopulo
505 3257 669 3308 stsSenstn
681 3272 739 3322 grs-
779 3272 859 3323 squas
881 3257 1008 3322 recipiam
1027 3265 1093 3321 pust
1115 3259 1241 3324 Euripum
1262 3271 1306 3308 es·

206 3331 251 3380 tie
271 3336 339 3380 setae
358 3337 428 3392 sunt,
444 3331 514 3395 qood
534 3331 568 3382 de
591 3333 739 3396 Republies
779 3339 888 3382 structas
911 3333 1070 3396 triporticus,
1087 3349 1120 3384 ex
1140 3335 1232 3400 quibus
1254 3347 1307 3383 uos

206 3419 258 3458 non
274 3407 452 3471 desperasset,
466 3408 605 3472 oblataque
618 3408 739 3458 Dictatu·
779 3408 917 3460 conficitur
936 3410 1157 3474 amphitheatralis
1173 3416 1234 3459 octo
1255 3415 1307 3456 sta-

208 3498 246 3538 τι.
280 3483 324 3536 lta
336 3483 433 3534 Livius.
780 3481 1310 3550 diornmsmplitudiue‚cspaxHominis

241 3565 259 3591 ¹²
275 3557 346 3622 Apud
363 3559 469 3622 Cossus]
487 3559 591 3624 Apulia
605 3561 739 3626 oppidum,
779 3560 918 3611 hominum.
953 3562 1021 3612 Haee
1032 3568 1060 3612 et
1071 3563 1146 3624 plura
1156 3557 1307 3621 Dionysius.

205 3645 261 3684 -uou
272 3633 363 3696 procul
374 3634 407 3683 ab
416 3632 511 3686 Aurido
519 3633 633 3687 domine.
663 3637 740 3689 Nune
781 3635 877 3686 Omnia
887 3639 1008 3703 persequi
1017 3642 1169 3687 ornamenta
1179 3631 1310 3686 inlinitum

209 3708 278 3758 illins
288 3715 389 3760 motum
400 3717 541 3773 supersunt
558 3712 660 3775 rudera,
675 3713 740 3764 diei·
782 3711 824 3762 sit·
848 3717 873 3762 2.
890 3711 984 3764 Circus
995 3713 1099 3774 dieitur,
1116 3712 1158 3760 rel
1174 3710 1243 3776 quod
1260 3709 1309 3759 eir·

212 3791 305 3850 turque
317 3786 539 3836 eumdumius.
782 3803 839 3838 eum
861 3795 944 3837 metas
966 3795 993 3837 et
1021 3799 1115 3850 pompe
1142 3783 1255 3834 ferretus
1281 3789 1310 3834 et

243 3867 256 3894 ¹
273 3861 354 3912 Ludos
365 3860 500 3924 Circenses]
517 3861 584 3912 Ludi
603 3863 672 3926 apud
691 3863 742 3913 lto·
782 3863 884 3928 equites
903 3869 1048 3923 currerent,
1064 3862 1106 3910 vei
1124 3860 1194 3926 quod
1209 3863 1311 3920 specta.

212 3949 301 3986 manos
325 3936 436 4000 duplicis
456 3943 532 3986 erant
553 3939 670 4001 generis3
696 3937 742 3986 slii
783 3938 849 3988 eolis
869 3937 981 4001 undique
1001 3939 1027 3986 in
1046 3937 1158 3991 circuitu
1176 3935 1310 3986 edificatis

211 4014 351 4078 Sceniol,a
370 4015 473 4076 Scena3
497 4015 542 4065 alii
563 4017 710 4078 Circenses,
726 4027 743 4064 s
783 4016 810 4064 is
826 4013 911 4063 medio
930 4013 985 4063 lodi
1003 4013 1203 4064 celebrerentnr.
1231 4017 1255 4064 8.
1274 4012 1312 4064 lli

214 4089 375 4140 ctreodted.
408 4091 451 4140 De
461 4091 626 4142 Circensibus
637 4089 688 4141 tris
699 4105 744 4156 po·
784 4089 838 4139 iudi
859 4088 884 4138 in
905 4095 1006 4152 septem
1028 4089 1101 4154 quasi
1119 4090 1214 4140 classes
1233 4089 1312 4142 tribui

214 4163 342 4218 tissimum
362 4164 406 4215 hic
430 4165 571 4230 querende
596 4166 662 4221 mitri
688 4167 745 4214 viss
784 4170 906 4230 possnut;
922 4179 1029 4232 qusrurn
1049 4167 1140 4232 prims,
1157 4181 1245 4232 pugna
1262 4165 1318 4214 tuit

280 4243 367 4308 Dsipl.
376 4250 401 4296 ei
415 4245 472 4298 Vsr.
484 4245 549 4298 ctas.
691 4246 746 4299 Vol.
756 4245 828 4298 ulios.
1234 4246 1249 4300 1
