<?xml version="1.0" encoding="UTF-8"?>
<!DOCTYPE html PUBLIC "-//W3C//DTD XHTML 1.0 Transitional//EN"
    "http://www.w3.org/TR/xhtml1/DTD/xhtml1-transitional.dtd">
<html xmlns="http://www.w3.org/1999/xhtml" xml:lang="en" lang="en">
 <head>
  <title>
</title>
<meta http-equiv="Content-Type" content="text/html;charset=utf-8" />
  <meta name='ocr-system' content='tesseract 3.04.00' />
  <meta name='ocr-capabilities' content='ocr_page ocr_carea ocr_par ocr_line ocrx_word'/>
</head>
<body>
  <div class='ocr_page' id='page_1' title='image "./factorumdictoru00maxigoog_0021.png"; bbox 0 0 3050 4890; ppageno 0'>
   <div class='ocr_carea' id='block_1_1' title="bbox 231 370 888 435">
    <p class='ocr_par' dir='ltr' id='par_1_1' title="bbox 231 370 888 435">
     <span class='ocr_line' id='line_1_1' title="bbox 231 370 888 435; baseline -0.008 0"><span class='ocrx_word' id='word_1_1' title='bbox 231 370 253 435; x_wconf 76' lang='grc' dir='ltr'><strong><em>Β</em></strong></span> <span class='ocrx_word' id='word_1_2' title='bbox 676 381 888 432; x_wconf 78' lang='lat' dir='ltr'><strong>rnnrnrro.</strong></span> 
     </span>
    </p>
   </div>
   <div class='ocr_carea' id='block_1_2' title="bbox 225 527 1328 3956">
    <p class='ocr_par' dir='ltr' id='par_1_2' title="bbox 225 527 1328 3956">
     <span class='ocr_line' id='line_1_2' title="bbox 230 527 1325 612; baseline -0.006 -15"><span class='ocrx_word' id='word_1_3' title='bbox 230 533 401 597; x_wconf 83' lang='lat' dir='ltr'><strong>iacessunt</strong></span> <span class='ocrx_word' id='word_1_4' title='bbox 412 527 600 610; x_wconf 87' lang='lat' dir='ltr'><strong>Interpreti,</strong></span> <span class='ocrx_word' id='word_1_5' title='bbox 613 547 714 612; x_wconf 91' lang='lat' dir='ltr'><strong>quam</strong></span> <span class='ocrx_word' id='word_1_6' title='bbox 723 529 778 593; x_wconf 86' lang='lat' dir='ltr'><strong>vel</strong></span> <span class='ocrx_word' id='word_1_7' title='bbox 789 527 902 592; x_wconf 91' lang='lat' dir='ltr'><strong>decem</strong></span> <span class='ocrx_word' id='word_1_8' title='bbox 913 533 972 592; x_wconf 93' lang='lat' dir='ltr'><strong>aut</strong></span> <span class='ocrx_word' id='word_1_9' title='bbox 981 527 1095 610; x_wconf 86' lang='lat' dir='ltr'><strong>viginti</strong></span> <span class='ocrx_word' id='word_1_10' title='bbox 1107 527 1325 592; x_wconf 79' lang='lat' dir='ltr'><strong>narrationes.</strong></span> 
     </span>
     <span class='ocr_line' id='line_1_3' title="bbox 230 628 1327 716; baseline -0.005 -19"><span class='ocrx_word' id='word_1_11' title='bbox 230 633 337 716; x_wconf 88' lang='lat' dir='ltr'><strong>Spero</strong></span> <span class='ocrx_word' id='word_1_12' title='bbox 352 639 469 707; x_wconf 90' lang='lat' dir='ltr'><strong>tamen,</strong></span> <span class='ocrx_word' id='word_1_13' title='bbox 490 631 654 694; x_wconf 88' lang='lat' dir='ltr'><strong>neminem</strong></span> <span class='ocrx_word' id='word_1_14' title='bbox 669 630 779 707; x_wconf 85' lang='lat' dir='ltr'><strong>facile,</strong></span> <span class='ocrx_word' id='word_1_15' title='bbox 794 630 852 713; x_wconf 92' lang='lat' dir='ltr'><strong>qui</strong></span> <span class='ocrx_word' id='word_1_16' title='bbox 864 628 917 694; x_wconf 83' lang='lat' dir='ltr'><strong>vel</strong></span> <span class='ocrx_word' id='word_1_17' title='bbox 931 628 1050 692; x_wconf 89' lang='lat' dir='ltr'><strong>leviter</strong></span> <span class='ocrx_word' id='word_1_18' title='bbox 1061 630 1181 692; x_wconf 88' lang='lat' dir='ltr'><strong>tinctus</strong></span> <span class='ocrx_word' id='word_1_19' title='bbox 1194 629 1327 693; x_wconf 90' lang='lat' dir='ltr'><strong>Latinis</strong></span> 
     </span>
     <span class='ocr_line' id='line_1_4' title="bbox 229 730 1327 815; baseline -0.005 -18"><span class='ocrx_word' id='word_1_20' title='bbox 229 734 335 798; x_wconf 88' lang='lat' dir='ltr'><strong>literis</strong></span> <span class='ocrx_word' id='word_1_21' title='bbox 350 733 406 809; x_wconf 91' lang='lat' dir='ltr'><strong>sit,</strong></span> <span class='ocrx_word' id='word_1_22' title='bbox 431 733 558 815; x_wconf 90' lang='lat' dir='ltr'><strong>aliquid</strong></span> <span class='ocrx_word' id='word_1_23' title='bbox 581 732 843 796; x_wconf 89' lang='lat' dir='ltr'><strong>desideraturum</strong></span> <span class='ocrx_word' id='word_1_24' title='bbox 857 749 943 808; x_wconf 88' lang='lat' dir='ltr'><strong>esse,</strong></span> <span class='ocrx_word' id='word_1_25' title='bbox 969 730 1057 814; x_wconf 88' lang='lat' dir='ltr'><strong>quod</strong></span> <span class='ocrx_word' id='word_1_26' title='bbox 1081 730 1123 794; x_wconf 91' lang='lat' dir='ltr'><strong>ad</strong></span> <span class='ocrx_word' id='word_1_27' title='bbox 1139 731 1327 812; x_wconf 89' lang='lat' dir='ltr'><strong>intelligen-</strong></span> 
     </span>
     <span class='ocr_line' id='line_1_5' title="bbox 231 831 1326 918; baseline -0.004 -19"><span class='ocrx_word' id='word_1_28' title='bbox 231 835 312 899; x_wconf 90' lang='lat' dir='ltr'><strong>dum</strong></span> <span class='ocrx_word' id='word_1_29' title='bbox 328 834 495 898; x_wconf 88' lang='lat' dir='ltr'><strong>Valerium</strong></span> <span class='ocrx_word' id='word_1_30' title='bbox 505 835 666 918; x_wconf 88' lang='lat' dir='ltr'><strong>pertiuet;</strong></span> <span class='ocrx_word' id='word_1_31' title='bbox 682 840 843 897; x_wconf 85' lang='lat' dir='ltr'><strong>atvereor</strong></span> <span class='ocrx_word' id='word_1_32' title='bbox 857 832 981 915; x_wconf 91' lang='lat' dir='ltr'><strong>potius,</strong></span> <span class='ocrx_word' id='word_1_33' title='bbox 996 851 1038 895; x_wconf 91' lang='lat' dir='ltr'><strong>no</strong></span> <span class='ocrx_word' id='word_1_34' title='bbox 1051 831 1149 894; x_wconf 88' lang='lat' dir='ltr'><strong>nimis</strong></span> <span class='ocrx_word' id='word_1_35' title='bbox 1165 832 1326 915; x_wconf 89' lang='lat' dir='ltr'><strong>copiosus</strong></span> 
     </span>
     <span class='ocr_line' id='line_1_6' title="bbox 230 933 1326 1020; baseline -0.004 -20"><span class='ocrx_word' id='word_1_36' title='bbox 230 935 430 1019; x_wconf 88' lang='lat' dir='ltr'><strong>quibusdam</strong></span> <span class='ocrx_word' id='word_1_37' title='bbox 443 936 477 999; x_wconf 93' lang='lat' dir='ltr'><strong>in</strong></span> <span class='ocrx_word' id='word_1_38' title='bbox 492 936 739 1020; x_wconf 90' lang='lat' dir='ltr'><strong>interpretando</strong></span> <span class='ocrx_word' id='word_1_39' title='bbox 752 935 877 998; x_wconf 87' lang='lat' dir='ltr'><strong>videar.</strong></span> <span class='ocrx_word' id='word_1_40' title='bbox 922 933 1031 1010; x_wconf 88' lang='lat' dir='ltr'><strong>Certe,</strong></span> <span class='ocrx_word' id='word_1_41' title='bbox 1048 933 1113 996; x_wconf 89' lang='lat' dir='ltr'><strong>uisi</strong></span> <span class='ocrx_word' id='word_1_42' title='bbox 1129 934 1182 996; x_wconf 88' lang='lat' dir='ltr'><strong>vel</strong></span> <span class='ocrx_word' id='word_1_43' title='bbox 1197 934 1326 1016; x_wconf 82' lang='lat' dir='ltr'><strong>priores</strong></span> 
     </span>
     <span class='ocr_line' id='line_1_7' title="bbox 229 1034 1326 1117; baseline -0.002 -14"><span class='ocrx_word' id='word_1_44' title='bbox 229 1039 485 1103; x_wconf 75' lang='lat' dir='ltr'><strong>commentarios</strong></span> <span class='ocrx_word' id='word_1_45' title='bbox 499 1038 692 1101; x_wconf 81' lang='lat' dir='ltr'><strong>habuissem</strong></span> <span class='ocrx_word' id='word_1_46' title='bbox 709 1037 825 1114; x_wconf 90' lang='lat' dir='ltr'><strong>duces,</strong></span> <span class='ocrx_word' id='word_1_47' title='bbox 841 1035 894 1102; x_wconf 87' lang='lat' dir='ltr'><strong>vel</strong></span> <span class='ocrx_word' id='word_1_48' title='bbox 908 1035 1090 1117; x_wconf 85' lang='lat' dir='ltr'><strong>vulgarium</strong></span> <span class='ocrx_word' id='word_1_49' title='bbox 1106 1034 1326 1117; x_wconf 90' lang='lat' dir='ltr'><strong>Interpretum</strong></span> 
     </span>
     <span class='ocr_line' id='line_1_8' title="bbox 229 1136 1328 1220; baseline -0.001 -17"><span class='ocrx_word' id='word_1_50' title='bbox 229 1139 396 1204; x_wconf 89' lang='lat' dir='ltr'><strong>erroribus</strong></span> <span class='ocrx_word' id='word_1_51' title='bbox 418 1138 546 1202; x_wconf 82' lang='lat' dir='ltr'><strong>obicem</strong></span> <span class='ocrx_word' id='word_1_52' title='bbox 562 1157 683 1220; x_wconf 90' lang='lat' dir='ltr'><strong>ponere</strong></span> <span class='ocrx_word' id='word_1_53' title='bbox 695 1137 890 1215; x_wconf 89' lang='lat' dir='ltr'><strong>voluissem,</strong></span> <span class='ocrx_word' id='word_1_54' title='bbox 914 1137 1039 1200; x_wconf 83' lang='lat' dir='ltr'><strong>multas</strong></span> <span class='ocrx_word' id='word_1_55' title='bbox 1064 1141 1161 1200; x_wconf 90' lang='lat' dir='ltr'><strong>notas</strong></span> <span class='ocrx_word' id='word_1_56' title='bbox 1182 1136 1328 1202; x_wconf 84' lang='lat' dir='ltr'><strong>libenter</strong></span> 
     </span>
     <span class='ocr_line' id='line_1_9' title="bbox 230 1237 1327 1322; baseline -0.003 -17"><span class='ocrx_word' id='word_1_57' title='bbox 230 1240 426 1305; x_wconf 88' lang='lat' dir='ltr'><strong>omisissem.</strong></span> <span class='ocrx_word' id='word_1_58' title='bbox 470 1237 525 1302; x_wconf 93' lang='lat' dir='ltr'><strong>Ne</strong></span> <span class='ocrx_word' id='word_1_59' title='bbox 541 1240 696 1302; x_wconf 88' lang='lat' dir='ltr'><strong>tamenin</strong></span> <span class='ocrx_word' id='word_1_60' title='bbox 718 1257 906 1322; x_wconf 85' lang='lat' dir='ltr'><strong>quenquam</strong></span> <span class='ocrx_word' id='word_1_61' title='bbox 923 1237 1061 1321; x_wconf 87' lang='lat' dir='ltr'><strong>injurius</strong></span> <span class='ocrx_word' id='word_1_62' title='bbox 1077 1257 1196 1313; x_wconf 88' lang='lat' dir='ltr'><strong>essem,</strong></span> <span class='ocrx_word' id='word_1_63' title='bbox 1212 1257 1327 1302; x_wconf 91' lang='lat' dir='ltr'><strong>eorum</strong></span> 
     </span>
     <span class='ocr_line' id='line_1_10' title="bbox 227 1338 1327 1422; baseline -0.005 -16"><span class='ocrx_word' id='word_1_64' title='bbox 227 1342 374 1418; x_wconf 89' lang='lat' dir='ltr'><strong>nomina,</strong></span> <span class='ocrx_word' id='word_1_65' title='bbox 397 1359 484 1422; x_wconf 89' lang='lat' dir='ltr'><strong>quos</strong></span> <span class='ocrx_word' id='word_1_66' title='bbox 497 1338 649 1417; x_wconf 84' lang='lat' dir='ltr'><strong>refutari,</strong></span> <span class='ocrx_word' id='word_1_67' title='bbox 664 1359 760 1422; x_wconf 74' lang='lat' dir='ltr'><strong>saepe</strong></span> <span class='ocrx_word' id='word_1_68' title='bbox 776 1339 984 1421; x_wconf 88' lang='lat' dir='ltr'><strong>multumque</strong></span> <span class='ocrx_word' id='word_1_69' title='bbox 999 1339 1182 1422; x_wconf 78' lang='lat' dir='ltr'><strong>suppressi.</strong></span> <span class='ocrx_word' id='word_1_70' title='bbox 1229 1338 1327 1403; x_wconf 92' lang='lat' dir='ltr'><strong>Nihil</strong></span> 
     </span>
     <span class='ocr_line' id='line_1_11' title="bbox 230 1439 1326 1525; baseline -0.002 -19"><span class='ocrx_word' id='word_1_71' title='bbox 230 1443 319 1506; x_wconf 90' lang='lat' dir='ltr'><strong>euim</strong></span> <span class='ocrx_word' id='word_1_72' title='bbox 341 1441 477 1506; x_wconf 83' lang='lat' dir='ltr'><strong>facilius</strong></span> <span class='ocrx_word' id='word_1_73' title='bbox 501 1448 567 1519; x_wconf 90' lang='lat' dir='ltr'><strong>est,</strong></span> <span class='ocrx_word' id='word_1_74' title='bbox 591 1461 692 1525; x_wconf 88' lang='lat' dir='ltr'><strong>quam</strong></span> <span class='ocrx_word' id='word_1_75' title='bbox 712 1460 825 1506; x_wconf 86' lang='lat' dir='ltr'><strong>avero</strong></span> <span class='ocrx_word' id='word_1_76' title='bbox 849 1442 1015 1517; x_wconf 87' lang='lat' dir='ltr'><strong>aberrare,</strong></span> <span class='ocrx_word' id='word_1_77' title='bbox 1038 1439 1226 1524; x_wconf 73' lang='lat' dir='ltr'><strong>prasertim</strong></span> <span class='ocrx_word' id='word_1_78' title='bbox 1249 1461 1326 1504; x_wconf 88' lang='lat' dir='ltr'><strong>cum</strong></span> 
     </span>
     <span class='ocr_line' id='line_1_12' title="bbox 228 1543 1327 1608; baseline -0.001 0"><span class='ocrx_word' id='word_1_79' title='bbox 228 1545 359 1608; x_wconf 88' lang='lat' dir='ltr'><strong>animus</strong></span> <span class='ocrx_word' id='word_1_80' title='bbox 372 1561 482 1608; x_wconf 91' lang='lat' dir='ltr'><strong>rerum</strong></span> <span class='ocrx_word' id='word_1_81' title='bbox 506 1543 716 1608; x_wconf 91' lang='lat' dir='ltr'><strong>multitudine</strong></span> <span class='ocrx_word' id='word_1_82' title='bbox 739 1543 927 1608; x_wconf 86' lang='lat' dir='ltr'><strong>offenditur.</strong></span> <span class='ocrx_word' id='word_1_83' title='bbox 972 1543 1079 1608; x_wconf 87' lang='lat' dir='ltr'><strong>Grata</strong></span> <span class='ocrx_word' id='word_1_84' title='bbox 1095 1547 1204 1606; x_wconf 91' lang='lat' dir='ltr'><strong>autem</strong></span> <span class='ocrx_word' id='word_1_85' title='bbox 1217 1549 1327 1607; x_wconf 91' lang='lat' dir='ltr'><strong>mente</strong></span> 
     </span>
     <span class='ocr_line' id='line_1_13' title="bbox 228 1643 1327 1727; baseline -0.002 -19"><span class='ocrx_word' id='word_1_86' title='bbox 228 1663 387 1726; x_wconf 85' lang='lat' dir='ltr'><strong>agnosco,</strong></span> <span class='ocrx_word' id='word_1_87' title='bbox 403 1645 549 1710; x_wconf 83' lang='lat' dir='ltr'><strong>virorum</strong></span> <span class='ocrx_word' id='word_1_88' title='bbox 564 1646 736 1710; x_wconf 85' lang='lat' dir='ltr'><strong>doctomm</strong></span> <span class='ocrx_word' id='word_1_89' title='bbox 756 1665 865 1723; x_wconf 90' lang='lat' dir='ltr'><strong>curas,</strong></span> <span class='ocrx_word' id='word_1_90' title='bbox 895 1643 1046 1727; x_wconf 85' lang='lat' dir='ltr'><strong>inprimis</strong></span> <span class='ocrx_word' id='word_1_91' title='bbox 1063 1643 1188 1725; x_wconf 89' lang='lat' dir='ltr'><strong>Pigbii,</strong></span> <span class='ocrx_word' id='word_1_92' title='bbox 1203 1643 1327 1722; x_wconf 85' lang='lat' dir='ltr'><strong>Celeri,</strong></span> 
     </span>
     <span class='ocr_line' id='line_1_14' title="bbox 228 1744 1327 1832; baseline 0 -23"><span class='ocrx_word' id='word_1_93' title='bbox 228 1744 371 1824; x_wconf 88' lang='lat' dir='ltr'><strong>Vorstii,</strong></span> <span class='ocrx_word' id='word_1_94' title='bbox 388 1746 565 1824; x_wconf 87' lang='lat' dir='ltr'><strong>Perizouii,</strong></span> <span class='ocrx_word' id='word_1_95' title='bbox 577 1756 612 1811; x_wconf 92' lang='lat' dir='ltr'><strong>et</strong></span> <span class='ocrx_word' id='word_1_96' title='bbox 620 1747 782 1826; x_wconf 88' lang='lat' dir='ltr'><strong>Torrenii,</strong></span> <span class='ocrx_word' id='word_1_97' title='bbox 795 1747 974 1832; x_wconf 88' lang='lat' dir='ltr'><strong>plurimum</strong></span> <span class='ocrx_word' id='word_1_98' title='bbox 986 1745 1066 1810; x_wconf 90' lang='lat' dir='ltr'><strong>mibi</strong></span> <span class='ocrx_word' id='word_1_99' title='bbox 1075 1745 1250 1830; x_wconf 88' lang='lat' dir='ltr'><strong>proluisse.</strong></span> <span class='ocrx_word' id='word_1_100' title='bbox 1274 1745 1327 1809; x_wconf 90' lang='lat' dir='ltr'><strong>De</strong></span> 
     </span>
     <span class='ocr_line' id='line_1_15' title="bbox 229 1843 1326 1930; baseline 0 -20"><span class='ocrx_word' id='word_1_101' title='bbox 229 1846 364 1929; x_wconf 87' lang='lat' dir='ltr'><strong>quibus,</strong></span> <span class='ocrx_word' id='word_1_102' title='bbox 379 1849 535 1930; x_wconf 88' lang='lat' dir='ltr'><strong>quoniam</strong></span> <span class='ocrx_word' id='word_1_103' title='bbox 562 1843 605 1912; x_wconf 79' lang='lat' dir='ltr'><strong>ad</strong></span> <span class='ocrx_word' id='word_1_104' title='bbox 625 1850 711 1912; x_wconf 91' lang='lat' dir='ltr'><strong>hunc</strong></span> <span class='ocrx_word' id='word_1_105' title='bbox 726 1849 839 1914; x_wconf 91' lang='lat' dir='ltr'><strong>locum</strong></span> <span class='ocrx_word' id='word_1_106' title='bbox 854 1855 990 1914; x_wconf 82' lang='lat' dir='ltr'><strong>ventum</strong></span> <span class='ocrx_word' id='word_1_107' title='bbox 1004 1853 1069 1924; x_wconf 89' lang='lat' dir='ltr'><strong>est,</strong></span> <span class='ocrx_word' id='word_1_108' title='bbox 1091 1866 1202 1930; x_wconf 88' lang='lat' dir='ltr'><strong>pauca</strong></span> <span class='ocrx_word' id='word_1_109' title='bbox 1216 1847 1326 1912; x_wconf 88' lang='lat' dir='ltr'><strong>dicere</strong></span> 
     </span>
     <span class='ocr_line' id='line_1_16' title="bbox 227 1946 1327 2033; baseline 0.001 -22"><span class='ocrx_word' id='word_1_110' title='bbox 227 1946 320 2013; x_wconf 91' lang='lat' dir='ltr'><strong>libet.</strong></span> <span class='ocrx_word' id='word_1_111' title='bbox 363 1949 483 2031; x_wconf 83' lang='lat' dir='ltr'><strong>Pighio</strong></span> <span class='ocrx_word' id='word_1_112' title='bbox 506 1951 576 2016; x_wconf 87' lang='lat' dir='ltr'><strong>sine</strong></span> <span class='ocrx_word' id='word_1_113' title='bbox 605 1951 708 2014; x_wconf 90' lang='lat' dir='ltr'><strong>dublo</strong></span> <span class='ocrx_word' id='word_1_114' title='bbox 725 1950 878 2016; x_wconf 90' lang='lat' dir='ltr'><strong>Valerius</strong></span> <span class='ocrx_word' id='word_1_115' title='bbox 902 1949 1081 2033; x_wconf 88' lang='lat' dir='ltr'><strong>plurimum</strong></span> <span class='ocrx_word' id='word_1_116' title='bbox 1099 1949 1207 2026; x_wconf 90' lang='lat' dir='ltr'><strong>debet,</strong></span> <span class='ocrx_word' id='word_1_117' title='bbox 1228 1949 1327 2032; x_wconf 91' lang='lat' dir='ltr'><strong>isque</strong></span> 
     </span>
     <span class='ocr_line' id='line_1_17' title="bbox 226 2050 1326 2136; baseline 0.003 -26"><span class='ocrx_word' id='word_1_118' title='bbox 226 2050 345 2114; x_wconf 88' lang='lat' dir='ltr'><strong>merito</strong></span> <span class='ocrx_word' id='word_1_119' title='bbox 373 2052 556 2134; x_wconf 86' lang='lat' dir='ltr'><strong>sospitator</strong></span> <span class='ocrx_word' id='word_1_120' title='bbox 578 2051 704 2115; x_wconf 92' lang='lat' dir='ltr'><strong>Valerii</strong></span> <span class='ocrx_word' id='word_1_121' title='bbox 740 2051 902 2136; x_wconf 88' lang='lat' dir='ltr'><strong>appellari</strong></span> <span class='ocrx_word' id='word_1_122' title='bbox 927 2055 1048 2135; x_wconf 91' lang='lat' dir='ltr'><strong>potest,</strong></span> <span class='ocrx_word' id='word_1_123' title='bbox 1079 2050 1168 2115; x_wconf 92' lang='lat' dir='ltr'><strong>sicut</strong></span> <span class='ocrx_word' id='word_1_124' title='bbox 1189 2050 1326 2133; x_wconf 80' lang='lat' dir='ltr'><strong>Lipsius</strong></span> 
     </span>
     <span class='ocr_line' id='line_1_18' title="bbox 228 2149 1326 2229; baseline 0.001 -16"><span class='ocrx_word' id='word_1_125' title='bbox 228 2149 351 2229; x_wconf 81' lang='lat' dir='ltr'><strong>Taciti,</strong></span> <span class='ocrx_word' id='word_1_126' title='bbox 378 2160 440 2217; x_wconf 90' lang='lat' dir='ltr'><strong>aut</strong></span> <span class='ocrx_word' id='word_1_127' title='bbox 465 2153 627 2217; x_wconf 87' lang='lat' dir='ltr'><strong>Heinsius</strong></span> <span class='ocrx_word' id='word_1_128' title='bbox 657 2151 851 2217; x_wconf 70' lang='lat' dir='ltr'><strong>Poetarum.</strong></span> <span class='ocrx_word' id='word_1_129' title='bbox 896 2151 1055 2217; x_wconf 89' lang='lat' dir='ltr'><strong>Plurimis</strong></span> <span class='ocrx_word' id='word_1_130' title='bbox 1086 2152 1246 2217; x_wconf 88' lang='lat' dir='ltr'><strong>subsidiis</strong></span> <span class='ocrx_word' id='word_1_131' title='bbox 1276 2151 1326 2214; x_wconf 90' lang='lat' dir='ltr'><strong>in-</strong></span> 
     </span>
     <span class='ocr_line' id='line_1_19' title="bbox 228 2253 1326 2334; baseline 0 -18"><span class='ocrx_word' id='word_1_132' title='bbox 228 2258 375 2317; x_wconf 87' lang='lat' dir='ltr'><strong>structus</strong></span> <span class='ocrx_word' id='word_1_133' title='bbox 386 2253 429 2318; x_wconf 92' lang='lat' dir='ltr'><strong>ad</strong></span> <span class='ocrx_word' id='word_1_134' title='bbox 442 2253 672 2318; x_wconf 90' lang='lat' dir='ltr'><strong>illustrandum</strong></span> <span class='ocrx_word' id='word_1_135' title='bbox 684 2253 858 2320; x_wconf 88' lang='lat' dir='ltr'><strong>Valerium</strong></span> <span class='ocrx_word' id='word_1_136' title='bbox 870 2263 1080 2334; x_wconf 89' lang='lat' dir='ltr'><strong>accesserat;</strong></span> <span class='ocrx_word' id='word_1_137' title='bbox 1091 2261 1136 2330; x_wconf 88' lang='lat' dir='ltr'><strong>et,</strong></span> <span class='ocrx_word' id='word_1_138' title='bbox 1145 2253 1211 2316; x_wconf 88' lang='lat' dir='ltr'><strong>nisi</strong></span> <span class='ocrx_word' id='word_1_139' title='bbox 1225 2253 1326 2316; x_wconf 90' lang='lat' dir='ltr'><strong>nimis</strong></span> 
     </span>
     <span class='ocr_line' id='line_1_20' title="bbox 228 2353 1325 2438; baseline 0 -23"><span class='ocrx_word' id='word_1_140' title='bbox 228 2353 341 2417; x_wconf 83' lang='lat' dir='ltr'><strong>audax</strong></span> <span class='ocrx_word' id='word_1_141' title='bbox 354 2355 475 2419; x_wconf 89' lang='lat' dir='ltr'><strong>suisset</strong></span> <span class='ocrx_word' id='word_1_142' title='bbox 490 2357 523 2420; x_wconf 91' lang='lat' dir='ltr'><strong>in</strong></span> <span class='ocrx_word' id='word_1_143' title='bbox 536 2357 696 2421; x_wconf 87' lang='lat' dir='ltr'><strong>mutando</strong></span> <span class='ocrx_word' id='word_1_144' title='bbox 712 2363 814 2434; x_wconf 88' lang='lat' dir='ltr'><strong>textu,</strong></span> <span class='ocrx_word' id='word_1_145' title='bbox 824 2375 922 2420; x_wconf 91' lang='lat' dir='ltr'><strong>omne</strong></span> <span class='ocrx_word' id='word_1_146' title='bbox 934 2355 1003 2420; x_wconf 89' lang='lat' dir='ltr'><strong>lere</strong></span> <span class='ocrx_word' id='word_1_147' title='bbox 1013 2363 1170 2438; x_wconf 88' lang='lat' dir='ltr'><strong>punctum</strong></span> <span class='ocrx_word' id='word_1_148' title='bbox 1186 2355 1325 2420; x_wconf 88' lang='lat' dir='ltr'><strong>tulisset.</strong></span> 
     </span>
     <span class='ocr_line' id='line_1_21' title="bbox 227 2451 1326 2537; baseline 0 -20"><span class='ocrx_word' id='word_1_149' title='bbox 227 2451 276 2517; x_wconf 84' lang='lat' dir='ltr'><strong>At</strong></span> <span class='ocrx_word' id='word_1_150' title='bbox 289 2473 375 2519; x_wconf 92' lang='lat' dir='ltr'><strong>nunc</strong></span> <span class='ocrx_word' id='word_1_151' title='bbox 395 2462 499 2532; x_wconf 89' lang='lat' dir='ltr'><strong>secat,</strong></span> <span class='ocrx_word' id='word_1_152' title='bbox 513 2457 590 2531; x_wconf 90' lang='lat' dir='ltr'><strong>urit,</strong></span> <span class='ocrx_word' id='word_1_153' title='bbox 612 2463 733 2532; x_wconf 90' lang='lat' dir='ltr'><strong>mutat,</strong></span> <span class='ocrx_word' id='word_1_154' title='bbox 760 2457 879 2537; x_wconf 88' lang='lat' dir='ltr'><strong>adjicit</strong></span> <span class='ocrx_word' id='word_1_155' title='bbox 902 2475 965 2537; x_wconf 90' lang='lat' dir='ltr'><strong>pro</strong></span> <span class='ocrx_word' id='word_1_156' title='bbox 989 2457 1099 2531; x_wconf 90' lang='lat' dir='ltr'><strong>libitu,</strong></span> <span class='ocrx_word' id='word_1_157' title='bbox 1125 2461 1162 2518; x_wconf 92' lang='lat' dir='ltr'><strong>ut</strong></span> <span class='ocrx_word' id='word_1_158' title='bbox 1187 2454 1326 2519; x_wconf 90' lang='lat' dir='ltr'><strong>totidem</strong></span> 
     </span>
     <span class='ocr_line' id='line_1_22' title="bbox 227 2555 1325 2640; baseline -0.001 -21"><span class='ocrx_word' id='word_1_159' title='bbox 227 2555 380 2620; x_wconf 86' lang='lat' dir='ltr'><strong>lereloca</strong></span> <span class='ocrx_word' id='word_1_160' title='bbox 394 2575 478 2622; x_wconf 89' lang='lat' dir='ltr'><strong>sana</strong></span> <span class='ocrx_word' id='word_1_161' title='bbox 491 2558 683 2640; x_wconf 88' lang='lat' dir='ltr'><strong>corruperit,</strong></span> <span class='ocrx_word' id='word_1_162' title='bbox 699 2563 782 2639; x_wconf 93' lang='lat' dir='ltr'><strong>quot</strong></span> <span class='ocrx_word' id='word_1_163' title='bbox 797 2557 945 2620; x_wconf 83' lang='lat' dir='ltr'><strong>sortasse</strong></span> <span class='ocrx_word' id='word_1_164' title='bbox 961 2562 1117 2640; x_wconf 90' lang='lat' dir='ltr'><strong>corrupta</strong></span> <span class='ocrx_word' id='word_1_165' title='bbox 1136 2564 1325 2622; x_wconf 85' lang='lat' dir='ltr'><strong>sanaverat.</strong></span> 
     </span>
     <span class='ocr_line' id='line_1_23' title="bbox 227 2657 1325 2742; baseline 0 -20"><span class='ocrx_word' id='word_1_166' title='bbox 227 2657 366 2722; x_wconf 87' lang='lat' dir='ltr'><strong>Golerus</strong></span> <span class='ocrx_word' id='word_1_167' title='bbox 381 2657 416 2720; x_wconf 90' lang='lat' dir='ltr'><strong>iu</strong></span> <span class='ocrx_word' id='word_1_168' title='bbox 432 2658 568 2740; x_wconf 90' lang='lat' dir='ltr'><strong>optimis</strong></span> <span class='ocrx_word' id='word_1_169' title='bbox 583 2658 829 2742; x_wconf 89' lang='lat' dir='ltr'><strong>Interpretibus</strong></span> <span class='ocrx_word' id='word_1_170' title='bbox 844 2658 1083 2736; x_wconf 88' lang='lat' dir='ltr'><strong>numerandus,</strong></span> <span class='ocrx_word' id='word_1_171' title='bbox 1096 2677 1211 2723; x_wconf 83' lang='lat' dir='ltr'><strong>verum</strong></span> <span class='ocrx_word' id='word_1_172' title='bbox 1232 2677 1325 2741; x_wconf 81' lang='lat' dir='ltr'><strong>saepe</strong></span> 
     </span>
     <span class='ocr_line' id='line_1_24' title="bbox 227 2759 1327 2844; baseline 0.002 -22"><span class='ocrx_word' id='word_1_173' title='bbox 227 2777 248 2823; x_wconf 92' lang='lat' dir='ltr'><strong>a</strong></span> <span class='ocrx_word' id='word_1_174' title='bbox 270 2776 377 2842; x_wconf 88' lang='lat' dir='ltr'><strong>scopo</strong></span> <span class='ocrx_word' id='word_1_175' title='bbox 398 2759 593 2842; x_wconf 80' lang='lat' dir='ltr'><strong>digreditur,</strong></span> <span class='ocrx_word' id='word_1_176' title='bbox 610 2769 641 2826; x_wconf 88' lang='lat' dir='ltr'><strong>ot</strong></span> <span class='ocrx_word' id='word_1_177' title='bbox 652 2761 826 2844; x_wconf 68' lang='lat' dir='ltr'><strong>precipue</strong></span> <span class='ocrx_word' id='word_1_178' title='bbox 840 2761 981 2826; x_wconf 91' lang='lat' dir='ltr'><strong>moralia</strong></span> <span class='ocrx_word' id='word_1_179' title='bbox 997 2760 1174 2837; x_wconf 85' lang='lat' dir='ltr'><strong>immiscet,</strong></span> <span class='ocrx_word' id='word_1_180' title='bbox 1189 2761 1327 2824; x_wconf 91' lang='lat' dir='ltr'><strong>nimius-</strong></span> 
     </span>
     <span class='ocr_line' id='line_1_25' title="bbox 228 2861 1325 2945; baseline 0.003 -23"><span class='ocrx_word' id='word_1_181' title='bbox 228 2879 294 2942; x_wconf 91' lang='lat' dir='ltr'><strong>que</strong></span> <span class='ocrx_word' id='word_1_182' title='bbox 308 2866 362 2923; x_wconf 91' lang='lat' dir='ltr'><strong>est</strong></span> <span class='ocrx_word' id='word_1_183' title='bbox 385 2868 513 2925; x_wconf 90' lang='lat' dir='ltr'><strong>amator</strong></span> <span class='ocrx_word' id='word_1_184' title='bbox 529 2862 697 2945; x_wconf 89' lang='lat' dir='ltr'><strong>phrasium</strong></span> <span class='ocrx_word' id='word_1_185' title='bbox 720 2863 960 2926; x_wconf 89' lang='lat' dir='ltr'><strong>obsoletarum.</strong></span> <span class='ocrx_word' id='word_1_186' title='bbox 1003 2861 1162 2925; x_wconf 90' lang='lat' dir='ltr'><strong>Vorstius</strong></span> <span class='ocrx_word' id='word_1_187' title='bbox 1177 2861 1325 2944; x_wconf 89' lang='lat' dir='ltr'><strong>priorum</strong></span> 
     </span>
     <span class='ocr_line' id='line_1_26' title="bbox 228 2960 1326 3044; baseline 0.002 -20"><span class='ocrx_word' id='word_1_188' title='bbox 228 2960 447 3044; x_wconf 82' lang='lat' dir='ltr'><strong>interpretum</strong></span> <span class='ocrx_word' id='word_1_189' title='bbox 461 2964 755 3028; x_wconf 87' lang='lat' dir='ltr'><strong>observationibus</strong></span> <span class='ocrx_word' id='word_1_190' title='bbox 770 2964 854 3028; x_wconf 92' lang='lat' dir='ltr'><strong>bene</strong></span> <span class='ocrx_word' id='word_1_191' title='bbox 870 2966 984 3042; x_wconf 88' lang='lat' dir='ltr'><strong>utitur,</strong></span> <span class='ocrx_word' id='word_1_192' title='bbox 1000 2965 1033 3028; x_wconf 92' lang='lat' dir='ltr'><strong>in</strong></span> <span class='ocrx_word' id='word_1_193' title='bbox 1046 2962 1224 3026; x_wconf 85' lang='lat' dir='ltr'><strong>Varietate</strong></span> <span class='ocrx_word' id='word_1_194' title='bbox 1242 2963 1326 3027; x_wconf 86' lang='lat' dir='ltr'><strong>Leo·</strong></span> 
     </span>
     <span class='ocr_line' id='line_1_27' title="bbox 227 3062 1324 3148; baseline 0.004 -24"><span class='ocrx_word' id='word_1_195' title='bbox 227 3062 356 3126; x_wconf 87' lang='lat' dir='ltr'><strong>tionum</strong></span> <span class='ocrx_word' id='word_1_196' title='bbox 378 3063 478 3127; x_wconf 90' lang='lat' dir='ltr'><strong>codd.</strong></span> <span class='ocrx_word' id='word_1_197' title='bbox 494 3064 614 3128; x_wconf 90' lang='lat' dir='ltr'><strong>Brand.</strong></span> <span class='ocrx_word' id='word_1_198' title='bbox 638 3064 818 3130; x_wconf 88' lang='lat' dir='ltr'><strong>admodum</strong></span> <span class='ocrx_word' id='word_1_199' title='bbox 833 3065 984 3148; x_wconf 89' lang='lat' dir='ltr'><strong>diligens,</strong></span> <span class='ocrx_word' id='word_1_200' title='bbox 1012 3071 1049 3129; x_wconf 91' lang='lat' dir='ltr'><strong>et</strong></span> <span class='ocrx_word' id='word_1_201' title='bbox 1064 3065 1130 3128; x_wconf 88' lang='lat' dir='ltr'><strong>nisi</strong></span> <span class='ocrx_word' id='word_1_202' title='bbox 1146 3063 1324 3141; x_wconf 85' lang='lat' dir='ltr'><strong>Latinitas,</strong></span> 
     </span>
     <span class='ocr_line' id='line_1_28' title="bbox 227 3162 1325 3250; baseline 0.005 -25"><span class='ocrx_word' id='word_1_203' title='bbox 227 3162 324 3244; x_wconf 87' lang='lat' dir='ltr'><strong>cujus</strong></span> <span class='ocrx_word' id='word_1_204' title='bbox 358 3172 428 3229; x_wconf 90' lang='lat' dir='ltr'><strong>erat</strong></span> <span class='ocrx_word' id='word_1_205' title='bbox 450 3166 730 3246; x_wconf 86' lang='lat' dir='ltr'><strong>studiosissimus,</strong></span> <span class='ocrx_word' id='word_1_206' title='bbox 757 3186 834 3231; x_wconf 91' lang='lat' dir='ltr'><strong>enm</strong></span> <span class='ocrx_word' id='word_1_207' title='bbox 857 3167 989 3249; x_wconf 90' lang='lat' dir='ltr'><strong>abripit,</strong></span> <span class='ocrx_word' id='word_1_208' title='bbox 1011 3185 1182 3250; x_wconf 89' lang='lat' dir='ltr'><strong>nunquam</strong></span> <span class='ocrx_word' id='word_1_209' title='bbox 1205 3165 1272 3246; x_wconf 86' lang='lat' dir='ltr'><strong>iere</strong></span> <span class='ocrx_word' id='word_1_210' title='bbox 1303 3186 1325 3230; x_wconf 92' lang='lat' dir='ltr'><strong>a</strong></span> 
     </span>
     <span class='ocr_line' id='line_1_29' title="bbox 225 3264 1324 3351; baseline 0.004 -23"><span class='ocrx_word' id='word_1_211' title='bbox 225 3265 282 3328; x_wconf 82' lang='lat' dir='ltr'><strong>via</strong></span> <span class='ocrx_word' id='word_1_212' title='bbox 297 3264 451 3331; x_wconf 89' lang='lat' dir='ltr'><strong>deflectit.</strong></span> <span class='ocrx_word' id='word_1_213' title='bbox 495 3267 636 3334; x_wconf 81' lang='lat' dir='ltr'><strong>Tractat</strong></span> <span class='ocrx_word' id='word_1_214' title='bbox 653 3275 763 3333; x_wconf 87' lang='lat' dir='ltr'><strong>tamen</strong></span> <span class='ocrx_word' id='word_1_215' title='bbox 777 3287 1010 3351; x_wconf 91' lang='lat' dir='ltr'><strong>nonnunquam</strong></span> <span class='ocrx_word' id='word_1_216' title='bbox 1025 3267 1184 3350; x_wconf 85' lang='lat' dir='ltr'><strong>vulgaria.</strong></span> <span class='ocrx_word' id='word_1_217' title='bbox 1229 3267 1324 3332; x_wconf 88' lang='lat' dir='ltr'><strong>Peri·</strong></span> 
     </span>
     <span class='ocr_line' id='line_1_30' title="bbox 225 3364 1324 3452; baseline 0.005 -25"><span class='ocrx_word' id='word_1_218' title='bbox 225 3365 316 3429; x_wconf 83' lang='lat' dir='ltr'><strong>aonii</strong></span> <span class='ocrx_word' id='word_1_219' title='bbox 331 3364 436 3430; x_wconf 81' lang='lat' dir='ltr'><strong>Notae</strong></span> <span class='ocrx_word' id='word_1_220' title='bbox 453 3369 628 3433; x_wconf 90' lang='lat' dir='ltr'><strong>ostendunt</strong></span> <span class='ocrx_word' id='word_1_221' title='bbox 643 3371 748 3434; x_wconf 86' lang='lat' dir='ltr'><strong>virum</strong></span> <span class='ocrx_word' id='word_1_222' title='bbox 774 3371 889 3434; x_wconf 90' lang='lat' dir='ltr'><strong>multae</strong></span> <span class='ocrx_word' id='word_1_223' title='bbox 904 3369 1081 3452; x_wconf 89' lang='lat' dir='ltr'><strong>lectionis;</strong></span> <span class='ocrx_word' id='word_1_224' title='bbox 1105 3368 1267 3435; x_wconf 77' lang='lat' dir='ltr'><strong>Historiae</strong></span> <span class='ocrx_word' id='word_1_225' title='bbox 1282 3388 1324 3434; x_wconf 89' lang='lat' dir='ltr'><strong>ac</strong></span> 
     </span>
     <span class='ocr_line' id='line_1_31' title="bbox 226 3465 1323 3553; baseline 0.005 -24"><span class='ocrx_word' id='word_1_226' title='bbox 226 3465 443 3530; x_wconf 89' lang='lat' dir='ltr'><strong>Familiarum</strong></span> <span class='ocrx_word' id='word_1_227' title='bbox 474 3469 698 3534; x_wconf 89' lang='lat' dir='ltr'><strong>Romanarum</strong></span> <span class='ocrx_word' id='word_1_228' title='bbox 725 3470 988 3553; x_wconf 66' lang='lat' dir='ltr'><strong>peritissimum</strong></span> <span class='ocrx_word' id='word_1_229' title='bbox 1019 3477 1054 3534; x_wconf 90' lang='lat' dir='ltr'><strong>et</strong></span> <span class='ocrx_word' id='word_1_230' title='bbox 1081 3470 1125 3534; x_wconf 91' lang='lat' dir='ltr'><strong>ad</strong></span> <span class='ocrx_word' id='word_1_231' title='bbox 1147 3469 1323 3534; x_wconf 90' lang='lat' dir='ltr'><strong>Valerium</strong></span> 
     </span>
     <span class='ocr_line' id='line_1_32' title="bbox 226 3567 1324 3649; baseline 0.004 -18"><span class='ocrx_word' id='word_1_232' title='bbox 226 3567 392 3634; x_wconf 91' lang='lat' dir='ltr'><strong>edendum</strong></span> <span class='ocrx_word' id='word_1_233' title='bbox 409 3571 553 3634; x_wconf 91' lang='lat' dir='ltr'><strong>omnium</strong></span> <span class='ocrx_word' id='word_1_234' title='bbox 576 3572 723 3638; x_wconf 83' lang='lat' dir='ltr'><strong>maxime</strong></span> <span class='ocrx_word' id='word_1_235' title='bbox 747 3571 916 3649; x_wconf 88' lang='lat' dir='ltr'><strong>idoneum,</strong></span> <span class='ocrx_word' id='word_1_236' title='bbox 932 3577 972 3634; x_wconf 90' lang='lat' dir='ltr'><strong>ut</strong></span> <span class='ocrx_word' id='word_1_237' title='bbox 995 3571 1127 3635; x_wconf 91' lang='lat' dir='ltr'><strong>omnino</strong></span> <span class='ocrx_word' id='word_1_238' title='bbox 1141 3571 1324 3636; x_wconf 91' lang='lat' dir='ltr'><strong>dolendum</strong></span> 
     </span>
     <span class='ocr_line' id='line_1_33' title="bbox 225 3669 1322 3753; baseline 0.004 -21"><span class='ocrx_word' id='word_1_239' title='bbox 225 3669 283 3746; x_wconf 90' lang='lat' dir='ltr'><strong>sit,</strong></span> <span class='ocrx_word' id='word_1_240' title='bbox 298 3687 374 3731; x_wconf 83' lang='lat' dir='ltr'><strong>eum</strong></span> <span class='ocrx_word' id='word_1_241' title='bbox 388 3669 442 3733; x_wconf 88' lang='lat' dir='ltr'><strong>vel</strong></span> <span class='ocrx_word' id='word_1_242' title='bbox 456 3677 561 3734; x_wconf 87' lang='lat' dir='ltr'><strong>morte</strong></span> <span class='ocrx_word' id='word_1_243' title='bbox 571 3677 780 3753; x_wconf 79' lang='lat' dir='ltr'><strong>praeventum</strong></span> <span class='ocrx_word' id='word_1_244' title='bbox 792 3673 845 3736; x_wconf 84' lang='lat' dir='ltr'><strong>vel</strong></span> <span class='ocrx_word' id='word_1_245' title='bbox 855 3673 930 3736; x_wconf 87' lang='lat' dir='ltr'><strong>aliis</strong></span> <span class='ocrx_word' id='word_1_246' title='bbox 943 3671 1115 3736; x_wconf 89' lang='lat' dir='ltr'><strong>laboribus</strong></span> <span class='ocrx_word' id='word_1_247' title='bbox 1131 3672 1322 3749; x_wconf 89' lang='lat' dir='ltr'><strong>distentum,</strong></span> 
     </span>
     <span class='ocr_line' id='line_1_34' title="bbox 227 3767 1322 3854; baseline 0.007 -22"><span class='ocrx_word' id='word_1_248' title='bbox 227 3767 399 3833; x_wconf 86' lang='lat' dir='ltr'><strong>Valerium</strong></span> <span class='ocrx_word' id='word_1_249' title='bbox 415 3789 481 3834; x_wconf 91' lang='lat' dir='ltr'><strong>uon</strong></span> <span class='ocrx_word' id='word_1_250' title='bbox 500 3771 656 3836; x_wconf 86' lang='lat' dir='ltr'><strong>edidisse.</strong></span> <span class='ocrx_word' id='word_1_251' title='bbox 699 3771 882 3836; x_wconf 87' lang='lat' dir='ltr'><strong>Torrenius</strong></span> <span class='ocrx_word' id='word_1_252' title='bbox 896 3779 946 3837; x_wconf 90' lang='lat' dir='ltr'><strong>est</strong></span> <span class='ocrx_word' id='word_1_253' title='bbox 959 3772 993 3836; x_wconf 93' lang='lat' dir='ltr'><strong>iu</strong></span> <span class='ocrx_word' id='word_1_254' title='bbox 1008 3771 1208 3854; x_wconf 84' lang='lat' dir='ltr'><strong>colligendis</strong></span> <span class='ocrx_word' id='word_1_255' title='bbox 1222 3772 1322 3840; x_wconf 91' lang='lat' dir='ltr'><strong>Vari·</strong></span> 
     </span>
     <span class='ocr_line' id='line_1_35' title="bbox 227 3871 1323 3956; baseline 0.005 -22"><span class='ocrx_word' id='word_1_256' title='bbox 227 3871 362 3936; x_wconf 89' lang='lat' dir='ltr'><strong>autibus</strong></span> <span class='ocrx_word' id='word_1_257' title='bbox 385 3871 602 3937; x_wconf 84' lang='lat' dir='ltr'><strong>Lectionibus</strong></span> <span class='ocrx_word' id='word_1_258' title='bbox 624 3874 906 3956; x_wconf 88' lang='lat' dir='ltr'><strong>diligentissimus,</strong></span> <span class='ocrx_word' id='word_1_259' title='bbox 935 3878 969 3938; x_wconf 91' lang='lat' dir='ltr'><strong>et</strong></span> <span class='ocrx_word' id='word_1_260' title='bbox 991 3874 1025 3937; x_wconf 89' lang='lat' dir='ltr'><strong>in</strong></span> <span class='ocrx_word' id='word_1_261' title='bbox 1053 3874 1234 3956; x_wconf 85' lang='lat' dir='ltr'><strong>seligendis</strong></span> <span class='ocrx_word' id='word_1_262' title='bbox 1260 3877 1323 3940; x_wconf 86' lang='lat' dir='ltr'><strong>ali-</strong></span> 
     </span>
    </p>
   </div>
   <div class='ocr_carea' id='block_1_3' title="bbox 224 3971 1322 4264">
    <p class='ocr_par' dir='ltr' id='par_1_3' title="bbox 224 3971 1322 4264">
     <span class='ocr_line' id='line_1_36' title="bbox 226 3971 1322 4060; baseline 0.006 -25"><span class='ocrx_word' id='word_1_263' title='bbox 226 3989 319 4036; x_wconf 89' lang='lat' dir='ltr'><strong>orum</strong></span> <span class='ocrx_word' id='word_1_264' title='bbox 345 3971 446 4037; x_wconf 88' lang='lat' dir='ltr'><strong>Notis</strong></span> <span class='ocrx_word' id='word_1_265' title='bbox 471 3994 624 4056; x_wconf 88' lang='lat' dir='ltr'><strong>magnum</strong></span> <span class='ocrx_word' id='word_1_266' title='bbox 649 3976 759 4059; x_wconf 90' lang='lat' dir='ltr'><strong>prodit</strong></span> <span class='ocrx_word' id='word_1_267' title='bbox 780 3977 959 4060; x_wconf 91' lang='lat' dir='ltr'><strong>judicium,</strong></span> <span class='ocrx_word' id='word_1_268' title='bbox 986 3976 1034 4040; x_wconf 91' lang='lat' dir='ltr'><strong>ita</strong></span> <span class='ocrx_word' id='word_1_269' title='bbox 1056 3983 1094 4040; x_wconf 94' lang='lat' dir='ltr'><strong>ut</strong></span> <span class='ocrx_word' id='word_1_270' title='bbox 1119 3974 1190 4059; x_wconf 87' lang='lat' dir='ltr'><strong>ejus</strong></span> <span class='ocrx_word' id='word_1_271' title='bbox 1206 3975 1322 4042; x_wconf 82' lang='lat' dir='ltr'><strong>Editio</strong></span> 
     </span>
     <span class='ocr_line' id='line_1_37' title="bbox 225 4073 1321 4162; baseline 0.006 -27"><span class='ocrx_word' id='word_1_272' title='bbox 225 4073 377 4137; x_wconf 86' lang='lat' dir='ltr'><strong>omuibus</strong></span> <span class='ocrx_word' id='word_1_273' title='bbox 400 4075 474 4138; x_wconf 85' lang='lat' dir='ltr'><strong>aliia</strong></span> <span class='ocrx_word' id='word_1_274' title='bbox 497 4077 641 4158; x_wconf 89' lang='lat' dir='ltr'><strong>palmam</strong></span> <span class='ocrx_word' id='word_1_275' title='bbox 663 4079 843 4162; x_wconf 78' lang='lat' dir='ltr'><strong>praeripiat.</strong></span> <span class='ocrx_word' id='word_1_276' title='bbox 888 4077 1000 4160; x_wconf 90' lang='lat' dir='ltr'><strong>Major</strong></span> <span class='ocrx_word' id='word_1_277' title='bbox 1022 4083 1132 4156; x_wconf 86' lang='lat' dir='ltr'><strong>tamen</strong></span> <span class='ocrx_word' id='word_1_278' title='bbox 1155 4075 1226 4160; x_wconf 91' lang='lat' dir='ltr'><strong>ejus</strong></span> <span class='ocrx_word' id='word_1_279' title='bbox 1247 4077 1321 4142; x_wconf 90' lang='lat' dir='ltr'><strong>laus</strong></span> 
     </span>
     <span class='ocr_line' id='line_1_38' title="bbox 224 4173 1321 4264; baseline 0.006 -26"><span class='ocrx_word' id='word_1_280' title='bbox 224 4173 353 4240; x_wconf 83' lang='lat' dir='ltr'><strong>videtur</strong></span> <span class='ocrx_word' id='word_1_281' title='bbox 368 4176 402 4240; x_wconf 93' lang='lat' dir='ltr'><strong>iu</strong></span> <span class='ocrx_word' id='word_1_282' title='bbox 418 4177 534 4244; x_wconf 86' lang='lat' dir='ltr'><strong>critica</strong></span> <span class='ocrx_word' id='word_1_283' title='bbox 548 4197 636 4259; x_wconf 87' lang='lat' dir='ltr'><strong>esse,</strong></span> <span class='ocrx_word' id='word_1_284' title='bbox 662 4179 763 4263; x_wconf 88' lang='lat' dir='ltr'><strong>quam</strong></span> <span class='ocrx_word' id='word_1_285' title='bbox 790 4181 823 4244; x_wconf 92' lang='lat' dir='ltr'><strong>iu</strong></span> <span class='ocrx_word' id='word_1_286' title='bbox 846 4179 1321 4264; x_wconf 79' lang='lat' dir='ltr'><strong>interpretatione-Horum</strong></span> 
     </span>
    </p>
   </div>
   <div class='ocr_carea' id='block_1_4' title="bbox 0 0 1530 4890">
    <p class='ocr_par' dir='ltr' id='par_1_4' title="bbox 0 0 1530 4890">
     <span class='ocr_line' id='line_1_39' title="bbox 0 0 1530 4890; baseline 0 1"><span class='ocrx_word' id='word_1_287' title='bbox 0 0 1530 4890; x_wconf 95' lang='lat' dir='ltr'><strong> </strong></span> 
     </span>
    </p>
   </div>
  </div>
 </body>
</html>
