3126 4902
568 425 650 472 oar.
667 425 732 473 vrr.
755 428 804 474 ns
828 427 991 480 sonans.
1259 422 1325 490 loe

227 569 352 628 struere
373 565 586 632 voluissetis
630 568 784 655 Namque
811 572 1015 639 Cassandrih
1037 575 1229 660 pestiferam
1255 582 1322 646 sibi

229 665 402 732 dexteram
418 671 548 734 somnio
563 671 655 754 prius
667 675 837 756 cognovit,
853 695 956 759 quam
972 679 1068 744 exitu
1083 681 1208 763 sensit;
1230 685 1323 748 exis-

227 767 358 835 timavit
372 771 470 848 enim,
484 773 529 835 ab
543 772 604 837 illo
623 793 660 836 se
673 774 826 853 interfici,
841 795 917 841 cum
933 797 1012 844 eum
1026 799 1194 865 uunquam
1217 785 1322 850 vidis-

227 869 321 934 set.⁴⁸
379 871 584 956 Interposito
605 875 725 940 deindo
751 881 942 962 tempore,⁴⁹
969 887 1150 966 postquam
1175 885 1214 962 in
1240 905 1321 951 con·

226 978 382 1054 spectum
406 975 565 1052 venisset,
593 979 746 1042 nocturni
770 987 878 1046 metus
901 982 1072 1064 patefacta
1098 985 1255 1068 imagine,
1283 994 1321 1052 ut

225 1071 395 1156 Antipatri
410 1076 517 1142 filium
532 1097 608 1142 esse
631 1081 801 1162 cognovit,
824 1081 956 1167 adjecto
978 1104 1075 1150 versu
1101 1086 1237 1166 Gracco,
1262 1093 1319 1173 qui

224 1171 324 1238 tide'm
345 1177 553 1242 somniorum
575 1178 701 1255 elevat,
726 1183 909 1266 praeparati
935 1184 1008 1268 jam
1032 1186 1194 1252 adversus
1215 1199 1320 1274 caput

223 1293 322 1340 suum
347 1277 514 1356 veneficii,
535 1299 604 1363 quo
627 1280 811 1348 occidisse¹
832 1284 1015 1352 Cassandri
1039 1309 1141 1354 manu
1166 1291 1319 1372 creditur,

223 1378 454 1464 suspicionem
468 1382 579 1446 animo
593 1385 767 1469 repulit.¹·'

254 1594 273 1618 ¹·
288 1588 425 1649 Sismara
434 1593 545 1644 mutnet
553 1595 591 1644 illa·
601 1600 700 1647 mentm
709 1596 806 1658 injicere
814 1599 945 1662 atsugeret
953 1600 1091 1662 periculum

250 1659 267 1726 ,⁸
284 1654 344 1702 Cara
353 1658 498 1716 summust
507 1659 594 1710 cidisse
603 1675 629 1709 ae
637 1662 703 1711 itlius
713 1664 841 1725 imogiaerx
849 1665 875 1712 irr
886 1671 1000 1714 anciano
1008 1666 1114 1721 mmaior
1129 1664 1170 1714 ali
1178 1663 1258 1714 audiit
1268 1677 1318 1712 ease

211 1713 294 1778 filiam
306 1719 440 1783 Antipatri,
454 1723 537 1771 addito
547 1739 617 1774 versu
629 1725 723 1788 Groeco,
738 1743 782 1790 pac
792 1729 984 1794 mixrdtarfides,
998 1744 1051 1792 (μιν
1061 1729 1161 1778 Acbatru·
1169 1729 1274 1790 somniis,
1286 1742 1317 1775 ex

219 1785 294 1830 aerea
304 1783 568 1859 depsrultaaspicioaem
578 1789 807 1851 potioaooeaeaatra
823 1797 906 1842 contra
922 1794 988 1842 illias
1006 1795 1081 1844 sitan
1097 1798 1206 1858 parataer
1223 1807 1255 1842 ea
1271 1805 1317 1855 pas

221 1845 298 1894 tornea
306 1848 396 1898 denter
402 1851 501 1914 periisse
506 1850 595 1912 fraude
607 1854 747 1906 Cmaaxdri.

678 1995 861 2016 mm

217 2089 308 2150 erata,
325 2089 393 2154 quod
404 2090 568 2142 desideratur
579 2093 605 2142 in
616 2092 674 2143 cod.
685 2092 824 2154 Perizonii,
833 2092 875 2156 qui
887 2094 955 2156 conj.
966 2095 1127 2144 tacita-⁴8
1144 2094 1212 2144 lirae
1222 2095 1317 2158 omnia,

217 2152 363 2203 existimavit
377 2187 414 2206 ...
425 2156 531 2219 cidimet,
547 2157 644 2206 omittit
655 2157 814 2220 Copae-49
830 2157 973 2220 Interposito
990 2159 1083 2207 dearum
1100 2163 1203 2220 empore
1224 2157 1315 2209 licina.

217 2221 242 2266 2.
274 2219 392 2270 Quatucr
402 2219 457 2280 alii,
473 2235 532 2270 cam
543 2221 616 2284 Mog.
631 2227 658 2270 et
667 2221 775 2270 Veneti.
788 2225 811 2269 l.
823 2225 848 2269 Ξ.
860 2225 885 2269 8.
895 2226 919 2269 4.
930 2227 955 2269 5.
970 2221 997 2269 ia
1014 2227 1153 2284 coaapecla:
1170 2220 1233 2270 item
1250 2224 1316 2271 serat

218 2294 267 2343 pro
275 2283 376 2332 unisset
387 2283 413 2331 in
420 2285 482 2333 Ver.
495 2293 522 2333 et
534 2285 607 2347 Mog.
618 2298 676 2333 curu
687 2285 743 2346 plus
759 2298 835 2346 qrrarn
855 2285 947 2347 viginti
966 2285 1044 2333 codd.
1077 2285 1142 2334 Mox
1152 2285 1179 2332 in
1188 2285 1249 2334 Vct.
1264 2300 1314 2335 aaa·

215 2345 330 2407 picioaem
341 2363 387 2395 noa
398 2348 498 2404 retulit:
514 2348 586 2409 Mag.
597 2348 677 2396 etiam
689 2362 747 2396 cum
761 2346 853 2395 Leidd.
863 2352 887 2397 i.
898 2353 925 2395 6.
936 2352 961 2398 6.
972 2347 1063 2397 Heius.
1077 2352 1100 2397 l.
1110 2353 1136 2398 2.
1149 2348 1243 2410 Ultraj.
1256 2353 1279 2397 l.
1289 2353 1315 2399 ὓ.

216 2409 298 2459 Barb.
309 2415 333 2459 1.
345 2414 370 2459 2.
382 2410 458 2461 Harl.
468 2419 496 2460 et
507 2410 602 2476 copes.
612 2411 711 2461 retulit:
728 2410 803 2461 Leid.
813 2415 838 2460 7.
847 2412 944 2476 repulit,
953 2419 982 2460 et
994 2426 1040 2475 pro
1050 2427 1075 2462 r.
1086 2412 1102 2462 Ι.
1112 2411 1209 2462 retulit.-
1229 2412 1313 2462 Bitur.

710 2549 816 2601 NOTAE

247 2660 416 2725 ¹²Cessetania]
434 2659 594 2711 Macedonia
603 2659 746 2710 Alexandri
785 2675 852 2710 mam
874 2661 1029 2712 sententiam
1061 2667 1165 2712 tuentur
1193 2661 1313 2712 Valerius

215 2737 315 2787 nornine
327 2744 440 2802 praeerat
456 2736 607 2800 Antipater,
625 2736 664 2784 sir
680 2735 745 2784 mili·
784 2736 923 2800 Maximus,
939 2737 1054 2800 Curtius,
1068 2737 1196 2794 Juatinus,
1214 2737 1312 2788 Paulus

216 2815 259 2865 tia
269 2815 390 2880 domique
402 2815 530 2878 inclytus:
550 2819 608 2862 orto
626 2827 687 2862 vero
705 2813 743 2860 in·
783 2813 908 2863 Orosius:
926 2815 1034 2864 alteram
1056 2814 1223 2864 Aristobulna
1241 2815 1311 2880 apnd

216 2895 257 2938 ter
274 2890 358 2953 ipsum
377 2895 405 2940 et
423 2888 605 2952 Olympiadem
626 2887 742 2950 dissidio,
782 2886 1084 2950 Plutarchum,Diarium
1093 2889 1311 2952 Alexandriapud

214 2964 286 3012 illum
298 2963 330 3012 ad
348 2977 376 3012 se
393 2965 495 3014 vocarit
513 2963 539 3012 in
556 2963 645 3014 Asiam
663 2961 740 3011 Alex·
781 2961 930 3025 Arrianum,
947 2964 1081 3028 Ephippua
1101 2965 1171 3028 apud
1191 2963 1312 3014 Athena·

213 3037 309 3087 ander:
326 3053 404 3103 qnare
414 3039 479 3102 Regi
491 3053 617 3087 venenum
628 3038 741 3100 perCaa-
781 3053 833 3100 unr,
856 3041 953 3102 Livius,
982 3043 1149 3103 Plutarchus,
1176 3041 1334 3105 Arrianus*

213 3113 335 3162 sandrom
346 3110 425 3160 filium
437 3123 541 3175 parasse
552 3128 568 3161 a
580 3112 666 3161 multis
678 3111 740 3162 dici·
780 3114 892 3177 Solinua,
908 3115 1060 3175 Atheniens,
1076 3125 1104 3165 et
1122 3116 1166 3165 alii
1186 3117 1311 3180 plerique.

214 3198 274 3240 tur:
301 3189 406 3252 dequo
428 3202 487 3236 mox
508 3203 621 3252 agenrrrs.
655 3187 692 3236 Ut
712 3195 741 3237 ut
781 3190 809 3240 si
821 3191 909 3240 irarum
921 3192 1106 3242 sententiarum
1119 3207 1168 3241 una
1178 3193 1313 3257 repudiau-

213 3271 266 3323 est,
289 3263 339 3316 suit
360 3277 430 3323 saue,
451 3279 498 3314 cur
522 3263 669 3313 Alexander
691 3261 740 3310 sibi
781 3266 823 3328 da,
832 3266 970 3320 retinenda
981 3268 1079 3318 altera:
1096 3266 1216 3318 secunda
1228 3281 1259 3318 eo
1271 3283 1310 3318 as.

212 3337 740 3408 sanquememeretaCassandro,quiad
780 3343 905 3392 senserim
931 3343 1062 3402 libentius,
1093 3343 1163 3408 qnod
1190 3350 1310 3394 auctores

212 3419 291 3483 regiae
302 3416 407 3468 familia
419 3415 560 3479 perniciem
575 3423 662 3476 natus,
673 3413 740 3461 illius
780 3427 808 3467 ee
818 3419 949 3481 graviores
967 3427 995 3470 et
1012 3420 1109 3483 plures,
1126 3427 1154 3468 et
1167 3419 1310 3468 Alexandri

212 3501 321 3546 matrem
342 3490 472 3554 lapidibus
499 3489 594 3550 olrruit,
622 3489 740 3555 tiliaeque
781 3495 855 3544 retati
875 3509 998 3559 suppares
1020 3496 1130 3545 lrabeat:
1160 3509 1217 3558 quse
1240 3507 1309 3542 corn·

212 3569 355 3620 Herculem
377 3581 410 3616 ex
432 3566 553 3627 Barsine,
579 3572 607 3616 et
628 3567 741 3616 Alexan·
781 3569 1137 3636 modaaicexplicariporest.
1156 3568 1309 3619 Clearchnm

213 3645 286 3698 druna
297 3659 331 3696 ex
343 3645 449 3694 Roxane
461 3656 561 3691 veneno
572 3641 684 3692 sustulit.
780 3645 915 3708 splendido
933 3648 1053 3697 convivio
1073 3661 1132 3696 curn
1160 3644 1310 3707 excepisset

244 3719 444 3782 tarracinae]
455 3719 580 3768 Studiosis
588 3720 680 3783 opinor
690 3734 741 3768 non
782 3721 940 3785 Alexander,
955 3731 1033 3789 atque
1043 3723 1102 3772 inde
1115 3724 1183 3771 lotus
1193 3721 1227 3770 de
1238 3735 1309 3771 more

211 3797 263 3848 erit
273 3796 411 3860 ingratum,
421 3797 442 3844 si
454 3795 502 3846 troo
513 3796 538 3844 in
549 3795 740 3846 locodemorte
781 3812 827 3847 ano
848 3799 963 3850 cubitum
987 3799 1047 3860 iret,
1067 3797 1136 3861 apud
1157 3797 1308 3848 Thessalum

213 3872 357 3922 Alexandri
367 3871 444 3936 paulo
456 3871 557 3920 rrlreriur
566 3871 740 3920 disseruerim.
781 3873 899 3922 Medium
910 3875 987 3922 enixe
999 3880 1133 3935 rogantem
1145 3872 1193 3921 ivit
1211 3887 1308 3922 comas·

212 3949 316 4012 Duplex
328 3949 404 4012 vulgo
413 3961 444 3996 ea
455 3947 488 3996 de
499 3962 527 3996 re
538 3947 608 4010 apud
619 3953 741 3996 auctores
780 3953 879 3996 saturn:
897 3947 966 4011 apud
986 3961 1061 4010 quern
1078 3960 1125 4010 per
1136 3946 1309 4010 intemperan-

212 4024 299 4088 opinio
319 4023 430 4088 legitur:
457 4022 501 4072 alii
532 4023 601 4072 eninr
630 4035 740 4080 veneno,
781 4021 842 4069 tiam
862 4023 943 4070 rnulta
961 4022 1088 4082 peccarit.
1128 4021 1222 4084 Unum,
1240 4022 1307 4086 quod

212 4099 280 4163 quod
292 4115 307 4148 a
319 4099 475 4149 Macedonia
486 4098 631 4148 Cassander
647 4098 740 4146 attrrle·
781 4096 813 4144 ad
836 4095 904 4144 diem
923 4103 1075 4160 sequentem
1098 4097 1253 4161 perpeterit,
1274 4111 1308 4147 ax

213 4181 270 4233 rm
286 4175 328 4224 alii
350 4175 449 4236 morbo,
463 4189 539 4237 quem
559 4187 591 4222 ex
612 4173 739 4222 ebrietate
782 4171 931 4234 Plutarcho,
948 4169 1069 4228 Arriano,
1093 4179 1120 4220 et
1151 4171 1256 4234 solino,
1279 4179 1307 4222 et

212 4257 388 4310 contraxerat,
414 4249 521 4316 periisse
544 4250 642 4298 volunt.
682 4248 739 4303 Pri·
781 4249 900 4311 alterurn,
926 4247 993 4312 quod
1016 4247 1106 4311 viginti
1125 4250 1251 4308 convivia,
1279 4255 1307 4296 et
