3050 4890
343 421 392 470 uu
421 419 505 469 ver..
535 419 889 470 urx.'rusr1uort1e
914 419 1149 470 uurunrcrr.
1247 405 1291 470 19

195 560 231 624 in
245 573 423 649 argenteum
437 583 551 626 ornum
565 561 738 644 recondens,
763 562 877 648 injecto
893 583 989 626 nureo
1006 583 1129 640 corono,
1152 562 1235 626 misit
1249 561 1292 626 od

186 661 307 745 filium.
352 663 407 729 Ito
425 662 586 730 Cornelios
603 664 705 752 Nepos
717 676 747 730 et
768 664 908 730 Valerios
924 663 1084 728 Maximus
1096 662 1269 750 prodidere.

410 833 454 898 A.
470 834 601 900 Gellius
617 833 719 900 Noot.
736 832 808 898 Art.
825 834 900 899 Lib.
916 851 941 896 ι.
955 853 1031 917 cap.
1045 833 1077 898 8.

240 960 465 1050 Scripta‘baec
481 967 640 1032 Historia
660 967 716 1050 [de
740 967 877 1032 foemiua
902 987 978 1050 quae
1002 969 1108 1032 virum
1131 967 1291 1034 etlilium

196 1067 317 1132 eodem
332 1073 482 1151 tempore
498 1069 636 1132 venenis
651 1069 736 1132 olam
751 1069 839 1132 datis
853 1069 1070 1147 interiecerat,
1092 1087 1153 1132 uec
1180 1076 1291 1133 tamen

196 1176 373 1254 propterea
387 1169 545 1235 damnata
560 1190 601 1235 ac
614 1171 732 1254 punita
745 1168 813 1248 est]
838 1172 872 1234 iu
895 1171 981 1234 libro
995 1169 1122 1234 Valerii
1146 1172 1291 1235 Maximi

197 1271 383 1336 Factorum
397 1279 433 1336 at
447 1271 623 1336 Dictorum
640 1270 914 1336 Memorabilium
929 1278 1056 1336 octavo.

291 1445 314 1510 J
317 1447 368 1512 oh.
384 1447 662 1526 Saresberieusis,
677 1447 874 1512 Policratici
887 1449 961 1513 Lib.
979 1464 1061 1510 vlu.
1077 1467 1151 1530 cap.
1165 1448 1199 1511 4.

242 1577 283 1640 ln
299 1576 428 1657 Quinto
443 1579 606 1645 Considio
622 1581 827 1645 saluberrimi
843 1581 1000 1664 exempli,
1016 1600 1080 1644 nec
1096 1581 1168 1644 sine
1183 1597 1289 1662 parvo

202 1679 311 1762 ipsius
325 1680 435 1752 fructu
448 1681 636 1746 liberalitas
651 1682 807 1747 referente
822 1681 959 1746 Valerio
972 1688 1129 1748 annotata
1143 1687 1205 1746 est.

604 1851 649 1915 ut
661 1851 745 1916 roro.
762 1869 837 1934 cap.
848 1852 881 1916 o.

241 1981 302 2047 Est
315 1986 400 2050 enim
412 1987 583 2066 blandum,
597 1995 636 2052 ut
651 1990 699 2054 ait
713 1987 881 2064 Valerius,
891 1985 1025 2052 luxuria
1039 1984 1172 2061 malum,
1189 2003 1289 2068 quam

198 2101 360 2152 accusare
376 2088 547 2171 aliquanto
561 2089 696 2154 facilius
710 2096 764 2154 est
778 2109 878 2173 quam
893 2089 1009 2152 vitare.

283 2187 379 2252 Idem
393 2190 504 2254 multis
519 2211 653 2274 quoque
669 2191 744 2256 aliis
758 2191 845 2256 locis
861 2189 1020 2254 Nostrum
1034 2187 1161 2252 laudat.

343 2361 538 2427 Ludovicue
553 2362 682 2442 Carrio,
699 2364 871 2428 Emendat.
887 2363 964 2428 Lib.
980 2379 1004 2425 1.
1019 2381 1095 2446 cap.
1110 2363 1142 2426 7.

242 2489 400 2556 Valerius
415 2491 590 2559 Maximus
605 2494 731 2558 Tiberii
745 2495 831 2578 Imp.
848 2496 1055 2579 temporibus
1069 2495 1211 2578 scriptor
1222 2514 1288 2560 uon

197 2593 364 2676 ignobilis,
379 2601 412 2660 et
426 2595 540 2658 multis
553 2597 659 2678 ipsius
674 2598 883 2680 antiquitatis
898 2597 1103 2682 praejudiciis
1127 2597 1288 2661 recentio-

198 2715 269 2758 rum
285 2696 454 2760 bomiuum
469 2717 619 2764 censurae
636 2707 779 2783 ereptus.

418 2863 441 2928 J
444 2884 493 2928 os.
508 2864 659 2948 Scaliger
670 2866 714 2930 ad
729 2866 914 2932 Eusebium
927 2886 959 2930 u.
974 2866 1072 2932 1841.

243 2999 403 3083 Equidem
433 2999 536 3064 multa
557 3001 670 3066 notavi
693 3002 784 3085 apud
806 3000 976 3066 Valerium
1004 2999 1191 3064 Maximum
1219 3019 1288 3064 non

197 3100 281 3164 beue
311 3099 443 3179 Latina,
465 3103 572 3165 multa
594 3103 703 3186 inepte
725 3103 890 3180 affectata,
912 3103 1075 3186 optimum
1102 3101 1228 3184 alioqui
1255 3109 1289 3166 et

198 3200 414 3266 utilissimum
429 3204 637 3287 scriptorem,
653 3223 752 3287 quem
768 3208 883 3267 extare
894 3202 1069 3284 plurimum
1083 3200 1182 3284 Reip.
1200 3203 1288 3266 Lite·

197 3301 293 3368 rariae
308 3302 417 3370 refert.
746 3325 748 3332 ’
1286 3305 1290 3314 ’

315 3470 339 3535 J
341 3471 395 3536 ob.
411 3470 488 3537 Ger.
502 3471 650 3540 Vossius
664 3474 707 3538 de
720 3472 887 3555 Analogia
903 3472 978 3536 Lib.
996 3487 1019 3534 1.
1035 3489 1111 3553 cap.
1126 3468 1180 3534 29.

187 3585 190 3590 ’
241 3603 399 3670 Valerius
416 3607 589 3673 Maximus
603 3629 668 3674 nou
683 3609 770 3675 adeo
784 3609 957 3674 verborum
970 3613 1023 3670 est
1034 3605 1195 3680 curiosus,
1211 3621 1286 3684 quae

196 3706 361 3772 interdum
378 3711 504 3794 accipit
517 3729 539 3776 a
552 3712 665 3794 vulgo.

240 3873 329 3958 Aug.
344 3845 538 3942 buchnerus
553 3877 597 3941 ad
613 3875 695 3941 Got.
712 3873 894 3950 Olearium,
910 3871 1024 3955 Epist.
1036 3869 1136 3936 Parte
1153 3887 1176 3931 ι.
1190 3869 1244 3932 76.

241 4011 295 4074 De
310 4010 449 4075 Valerio
465 4011 620 4077 Maximo
635 4013 685 4077 ita
700 4011 819 4086 sentio,
844 4027 919 4071 esse
942 4005 1048 4070 multo
1062 4002 1287 4079 utilissimum,

197 4117 232 4174 et
247 4109 803 4197 valdenecessariumscriptorem,
828 4109 888 4174 sed
916 4125 992 4170 eum
1015 4104 1097 4167 viris
1121 4103 1229 4186 magis
1253 4110 1287 4166 et

199 4212 320 4292 quibus
330 4213 402 4296 jam
417 4214 612 4282 confirmata
627 4215 703 4301 styli
719 4215 890 4294 integritas
901 4216 965 4289 est,
981 4225 1079 4292 quam
1094 4203 1287 4271 adolescen-
