3126 4902
515 409 596 460 osu.
612 409 694 464 utu.
720 409 769 456 nu
794 405 1016 458 urnucuurs.
1257 391 1321 460 209

224 557 350 622 Letinu
365 555 408 622 ud
422 560 577 639 quartum
591 551 796 630 milliarium,
819 571 861 618 eo
884 557 1031 638 tempore
1056 573 1133 620 cum
1163 554 1236 620 uude
1261 575 1325 624 sue

224 663 465 736 consecratum,
482 676 548 740 quo
563 655 778 722 Coriolanum
788 663 805 692 '¹
828 656 872 722 ub
887 656 1023 722 excidio
1039 657 1143 724 Urbis
1165 665 1324 728 mutemus

224 782 345 847 proces
369 760 575 844 repulenrnt,
599 778 667 826 non
692 759 807 837 semel,
821 760 882 826 sed
905 761 960 824 bis
985 760 1133 828 locutum
1159 767 1323 844 constitit,

224 865 317 948 prius
331 863 384 930 his
397 863 510 928 verbis
522 867 565 928 :²³
583 861 682 928 ‘Rite
695 881 748 926 me
762 867 922 928 mutronae
937 863 1088 931 vidistis:
1104 865 1251 952 Riteqne
1266 868 1323 934 de-

224 966 408 1034 dicastis’r

266 1073 297 1134 5.
320 1069 458 1135 Valerio
472 1072 585 1134 sutem
600 1065 801 1150 Poplicola*
822 1064 904 1132 Cos.
920 1067 979 1151 qui
1003 1073 1083 1150 post
1106 1077 1246 1136 exactos
1271 1092 1322 1136 re-

223 1191 284 1256 ges
298 1171 426 1236 bellum
447 1189 524 1236 cnm
537 1168 738 1236 Veientibus
760 1176 794 1234 et
814 1169 993 1236 Hetruscis
1006 1172 1125 1253 gessit,
1148 1171 1217 1238 illis
1241 1173 1323 1238 Tur·

224 1274 340 1358 quinio
368 1273 545 1357 pristinum
553 1278 582 1320 ²⁴
602 1271 779 1354 imperium
801 1271 1000 1349 restituere,¹
1024 1273 1190 1339 Romanis
1216 1293 1324 1360 nuper

223 1377 555 1460 partumlibertatem
577 1374 717 1440 retinere
738 1374 970 1458 cupientibus:
995 1374 1174 1442 Hetruscis
1190 1385 1226 1444 et
1240 1378 1322 1444 Tur·

221 1476 337 1562 quinio
353 1481 388 1543 in
403 1498 503 1544 cornu
518 1479 658 1544 dextro*
679 1477 798 1560 praelio
808 1484 835 1524 ²⁵
858 1478 1101 1561 superioribus,
1128 1485 1240 1546 tantus
1256 1493 1322 1548 ter·

222 1599 279 1646 ror
292 1583 407 1648 subito
421 1581 569 1660 incessit,
583 1587 704 1646 utnon
726 1580 833 1646 solum
854 1581 999 1646 victores
1019 1581 1086 1665 ipsi
1101 1581 1322 1666 profugerent,

222 1683 400 1749 sedetiam
415 1685 553 1768 pavoris
572 1683 627 1749 sui
649 1685 820 1749 consortes
835 1701 951 1748 sucum
968 1683 1127 1749 Veientes
1147 1685 1321 1752 traherent.

224 1781 290 1850 Cui
314 1783 399 1850 τοὶ16
420 1805 481 1870 pro
506 1793 700 1870 argumento
722 1785 917 1850 miraculum
941 1783 1112 1870 adjicitur3
1134 1787 1250 1870 ingens
1272 1808 1322 1852 re-

224 1895 325 1971 pente
341 1907 410 1954 vox
426 1907 445 1954 e
459 1889 615 1973 proximu
638 1887 737 1971 sylva
750 1886 879 1976 Arsia,⁸
899 1907 974 1971 quae
989 1907 1045 1953 ore
1062 1889 1203 1972 Sylvuni
1213 1889 1263 1936 ²⁷¹³
1286 1892 1319 1954 in

220 2137 286 2183 -tt
302 2134 393 2184 ‘Sicut
415 2139 498 2184 totum
519 2133 587 2182 bunc
606 2132 692 2182 locum
715 2131 843 2194 dedimus,
858 2132 954 2196 legitur
973 2132 999 2181 in
1023 2131 1140 2182 omnibus
1159 2133 1236 2183 editt.
1261 2141 1323 2184 antu

222 2198 352 2261 Pigbirrur,
368 2206 396 2250 et
406 2199 472 2248 Mss.
483 2205 580 2261 preter
590 2197 712 2248 Sumbnci
723 2196 782 2248 cod.
794 2198 854 2248 ubi:
871 2197 909 2246 luis
917 2196 986 2260 prius
996 2197 1089 2246 uerus:-
1103 2199 1150 2246 rite
1161 2213 1197 2246 ure
1208 2202 1322 2246 mutuom

221 2263 331 2312 uidistis:
346 2264 447 2319 deiude:
462 2264 510 2311 rite
520 2263 653 2312 dedicastis.
679 2261 732 2312 Sed
743 2261 772 2311 rb
783 2265 866 2311 deiude
878 2261 939 2309 mibi
951 2261 1054 2325 quidem
1067 2261 1170 2310 videtur
1182 2263 1324 2325 explicatio

221 2327 328 2390 ruique.
361 2327 477 2388 Pighius,
493 2326 537 2390 qui
557 2327 583 2375 iu
603 2326 717 2376 lectione
736 2325 841 2388 vulgum
860 2325 922 2374 nilril
942 2325 1052 2386 invenit,
1068 2325 1134 2388 quod
1154 2325 1187 2388 τῷ
1206 2328 1272 2389 prim
1283 2341 1324 2376 re·

223 2391 376 2456 sponderet,
392 2390 456 2440 illud
475 2392 595 2452 mutauit,
611 2396 639 2440 et
657 2405 689 2440 ex
706 2391 808 2454 ingenio
827 2389 909 2452 dedit,
928 2389 967 2438 iris
983 2403 1049 2453 pune
1068 2389 1160 2447 verbim
1185 2391 1252 2453 qrrod
1274 2405 1323 2440 uon

222 2456 329 2519 placet!
344 2456 425 2518 Kupp.
458 2455 562 2519 Lipsius
582 2455 650 2518 conj.
671 2454 747 2518 priuis
765 2453 804 2504 bis
822 2454 916 2512 uerbisr
942 2453 992 2516 vel,
1016 2453 1124 2502 considit
1144 2456 1262 2518 putribus,
1287 2455 1325 2505 bis

223 2519 310 2570 ontis.
343 2519 443 2569 (ludius
454 2519 545 2581 mulit;
562 2519 789 2568 Ritememutrouoe
800 2517 901 2579 vicistis,
917 2517 1082 2582 improbante
1098 2517 1230 2568 Torrenio.
1264 2519 1324 2568 Duo

225 2585 317 2636 ersun.
327 2584 423 2634 liabent
433 2599 439 2634 ι
456 2583 525 2646 prius
532 2584 579 2632 rite
586 2597 623 2632 me
633 2587 745 2632 matrum
755 2582 859 2632 uidistis.
890 2583 959 2632 Sunt
969 2581 1013 2646 quui
1027 2597 1074 2647 pro
1084 2583 1210 2632 dedicastis
1227 2585 1324 2634 liabent

222 2649 330 2700 dicastis.
361 2649 505 2712 Singularis
524 2647 566 2698 bic
580 2654 621 2697 est
634 2646 732 2697 Aldus:
751 2647 809 2696 Rite
827 2662 859 2698 ut.
875 2663 907 2696 ur.
925 2647 1096 2697 novistin-24
1113 2647 1196 2698 Codri.
1209 2647 1325 2706 Perizon.

224 2713 303 2764 Burb.
315 2717 338 2764 t.
350 2719 374 2764 2.
385 2721 414 2764 et
423 2714 515 2769 lieint.
528 2717 552 2764 l.
570 2711 713 2776 Tarquinius
730 2713 755 2760 iu
771 2711 914 2776 pristinum.-
929 2711 1004 2761 Hnrl.
1017 2717 1044 2760 et
1056 2712 1129 2762 Leid.
1140 2717 1164 2762 6.
1185 2711 1325 2778 Tarquinios

222 2779 365 2841 pristitum:
382 2779 476 2843 Ultraj.
489 2783 512 2828 l.
531 2776 659 2842 Turuuiuio
665 2775 782 2839 priscum:
799 2775 891 2826 uetus.
902 2779 926 2826 2.
940 2777 1067 2852 Tarquinio
1075 2776 1219 2841 pristinum:
1238 2779 1263 2826 lu
1275 2779 1326 2826 ulio

225 2843 345 2894 Perizuu.
358 2844 462 2907 Turonis
471 2842 607 2907 pristinum.
638 2841 725 2906 Supra
737 2841 824 2905 plures
835 2841 914 2890 codd.
928 2841 1066 2896 Publicuiur
1082 2841 1156 2898 item,
1174 2841 1325 2894 Etruscis.-

224 2911 256 2956 25
273 2907 363 2957 Codex
376 2908 497 2956 Perizou.
509 2913 537 2955 et
552 2905 644 2955 Heius.
656 2911 682 2956 ὓ.
693 2920 709 2982 u
721 2921 755 2954 m.
768 2919 820 2980 sec·
831 2905 911 2968 proeiii
923 2919 969 2968 pro
980 2904 1074 2980 prelio,
1090 2905 1157 2968 quod
1169 2905 1247 2980 ltabet
1259 2919 1324 2953 unus

225 2967 1326 3097 iltut‘iiflsstltitsil‚ttttt‘tli‘tiiutuitu·illitati

725 3163 832 3215 NOTAE

227 3276 372 3344 Equestris,
386 3275 437 3326 ulis
447 3276 547 3338 Virilis,
564 3276 616 3326 slis
633 3275 691 3326 uliis
710 3289 755 3326 uo·
797 3289 855 3324 eum
866 3274 963 3324 honore
975 3273 1063 3338 gestit.
1171 3281 1199 3316 ἱ

226 3345 338 3402 minibus
350 3351 489 3415 insignitur
506 3351 562 3400 burn
574 3351 708 3402 Muliebris
719 3350 756 3400 dl·
827 3359 838 3393 t
852 3352 987 3400 Pffltiutrm
998 3351 1121 3416 buperium
1130 3352 1266 3414 restituere]
1279 3352 1326 3401 Le-

227 3429 305 3490 nitur,
324 3427 393 3491 quod
410 3427 445 3476 nd
467 3426 625 3478 liberandum
646 3427 756 3491 putrium
797 3427 943 3491 gntiouibus
961 3441 1019 3478 cum
1037 3427 1098 3478 nibil
1111 3427 1250 3492 proficeret
1261 3429 1327 3478 Tur-

225 3505 285 3570 pius
297 3503 428 3566 mulieres,
443 3517 520 3569 quum
532 3503 590 3566 viri,
601 3509 655 3554 tum
667 3509 756 3568 potue·
798 3503 909 3570 quinius,
925 3503 1044 3555 collectis
1063 3519 1096 3554 ex
1114 3507 1182 3558 omui
1202 3503 1328 3556 Hetruriu

226 3580 292 3628 rint:
310 3593 392 3644 quare
411 3579 535 3632 usuum
557 3578 585 3630 iu
604 3580 643 3628 vit
666 3579 758 3630 latins
797 3579 923 3630 militibus
935 3580 962 3629 ln
973 3579 1104 3630 Romanus
1116 3580 1204 3630 morit.

228 3655 261 3705 sd
273 3655 311 3705 rei
322 3653 481 3718 memorium,
497 3663 525 3705 et
536 3656 670 3720 templum,
685 3662 713 3704 et
725 3655 759 3704 si·
829 3663 840 3688 ²
857 3657 887 3705 lu
897 3670 969 3706 eom
979 3655 1076 3718 dextro]
1090 3657 1171 3704 Vsriu
1182 3654 1289 3704 victoria
1301 3661 1328 3702 et

226 3730 367 3780 mulacrum
379 3743 394 3778 n
406 3729 557 3780 mulieribus
568 3729 727 3780 dedicatum.
800 3747 873 3796 [equo
891 3733 978 3782 Marte
999 3737 1140 3796 pugnatum
1161 3739 1217 3790 ert,
1235 3731 1329 3779 dextra

259 3811 275 3837 '¹
300 3805 355 3860 Quo
377 3803 538 3869 corutum,
558 3805 612 3869 dm]
640 3806 679 3856 De
708 3820 759 3871 quo
799 3807 928 3872 utrimque
947 3821 1047 3856 cornus
1063 3807 1158 3867 vicere,
1174 3805 1240 3855 laeru
1255 3817 1330 3868 supe·

228 3889 322 3944 postes
333 3879 460 3945 pluribus.
800 3889 873 3932 ruta:
891 3880 1014 3932 Veientes
1029 3881 1097 3930 enim
1109 3879 1176 3928 vinci
1189 3893 1203 3926 u
1216 3879 1330 3927 Romsuo

231 3955 343 4011 ·tAn.
359 3956 398 4006 Μ.
418 3959 492 4007 8567.
525 3956 569 4008 Ol.
581 3959 622 4007 7³.
633 3959 657 4006 2.
696 3955 760 4006 ttrb.
800 3957 882 4008 milite
905 3957 1002 4008 assueti
1030 3955 1081 4006 fusi
1107 3954 1243 4020 fugatique
1264 3962 1332 4020 suut,

228 4031 529 4084 c.ncuAut.cn.tsc.
800 4032 994 4098 Tarquiniensis
1018 4047 1100 4082 novus
1129 4031 1209 4080 bortis
1232 4033 1265 4081 ab
1285 4047 1331 4082 utu

260 4117 274 4143 ¹
301 4109 396 4160 Valerio
416 4107 550 4173 Poplicola]
578 4109 631 4162 Qui
653 4107 761 4172 expulso
802 4107 1031 4171 purteltonrsnum
1045 4108 1152 4172 pepulit.

228 4185 358 4240 Collatino
380 4185 406 4234 iu
430 4185 563 4250 collegam
593 4192 721 4236 munitus
746 4199 762 4234 n
834 4182 1007 4246 ⁸Arua1Au
1025 4182 1102 4234 Arsin
1120 4185 1246 4248 sylvium
1257 4185 1331 4236 AEtu·

228 4261 324 4322 Bruto,
347 4265 459 4326 quatuor
481 4260 639 4312 Consulatus
661 4275 762 4312 summo
795 4260 1041 4330 urium-Ursinurnre
1064 4271 1166 4327 pratum
1193 4262 1330 4326 legendum

294 4341 415 4404 Delubaet
430 4340 565 4392 Vnuctus.
707 4341 760 4391 Vul.
774 4341 845 4394 Mur.
1137 4346 1143 4356 '
1241 4343 1265 4390 0
