<?xml version="1.0" encoding="UTF-8"?>
<!DOCTYPE html PUBLIC "-//W3C//DTD XHTML 1.0 Transitional//EN"
    "http://www.w3.org/TR/xhtml1/DTD/xhtml1-transitional.dtd">
<html xmlns="http://www.w3.org/1999/xhtml" xml:lang="en" lang="en">
 <head>
  <title>
</title>
<meta http-equiv="Content-Type" content="text/html;charset=utf-8" />
  <meta name='ocr-system' content='tesseract 3.04.00' />
  <meta name='ocr-capabilities' content='ocr_page ocr_carea ocr_par ocr_line ocrx_word'/>
</head>
<body>
  <div class='ocr_page' id='page_1' title='image "./factorumdictoru00maxigoog_0416.png"; bbox 0 0 3056 4892; ppageno 0'>
   <div class='ocr_carea' id='block_1_1' title="bbox 443 383 1257 452">
    <p class='ocr_par' dir='ltr' id='par_1_1' title="bbox 443 383 1257 452">
     <span class='ocr_line' id='line_1_1' title="bbox 443 383 1257 452; baseline 0.01 -8"><span class='ocrx_word' id='word_1_1' title='bbox 443 395 522 446; x_wconf 80' lang='lat' dir='ltr'><strong>car.</strong></span> <span class='ocrx_word' id='word_1_2' title='bbox 538 393 621 443; x_wconf 87' lang='lat' dir='ltr'><strong>vrrr.</strong></span> <span class='ocrx_word' id='word_1_3' title='bbox 645 395 694 444; x_wconf 85' lang='lat' dir='ltr'><strong>na</strong></span> <span class='ocrx_word' id='word_1_4' title='bbox 718 395 970 447; x_wconf 74' lang='lat' dir='ltr'><strong>consularis.</strong></span> <span class='ocrx_word' id='word_1_5' title='bbox 1190 383 1257 452; x_wconf 80' lang='grc'><strong>408</strong></span> 
     </span>
    </p>
   </div>
   <div class='ocr_carea' id='block_1_2' title="bbox 161 537 1263 2243">
    <p class='ocr_par' dir='ltr' id='par_1_2' title="bbox 161 537 1263 2243">
     <span class='ocr_line' id='line_1_2' title="bbox 204 537 1257 625; baseline 0.004 -20"><span class='ocrx_word' id='word_1_6' title='bbox 204 541 235 605; x_wconf 80' lang='lat'><strong>2.</strong></span> <span class='ocrx_word' id='word_1_7' title='bbox 258 537 371 622; x_wconf 83' lang='lat' dir='ltr'><strong>Atque</strong></span> <span class='ocrx_word' id='word_1_8' title='bbox 386 538 454 604; x_wconf 89' lang='lat' dir='ltr'><strong>ista</strong></span> <span class='ocrx_word' id='word_1_9' title='bbox 465 538 600 622; x_wconf 89' lang='lat' dir='ltr'><strong>quidem</strong></span> <span class='ocrx_word' id='word_1_10' title='bbox 619 539 825 604; x_wconf 87' lang='lat' dir='ltr'><strong>severitatis:</strong></span> <span class='ocrx_word' id='word_1_11' title='bbox 847 539 907 606; x_wconf 89' lang='lat' dir='ltr'><strong>illa</strong></span> <span class='ocrx_word' id='word_1_12' title='bbox 933 559 1011 606; x_wconf 79' lang='lat' dir='ltr'><strong>vero</strong></span> <span class='ocrx_word' id='word_1_13' title='bbox 1024 541 1162 625; x_wconf 84' lang='lat' dir='ltr'><strong>pietatis</strong></span> <span class='ocrx_word' id='word_1_14' title='bbox 1177 561 1257 608; x_wconf 89' lang='lat' dir='ltr'><strong>con·</strong></span> 
     </span>
     <span class='ocr_line' id='line_1_3' title="bbox 163 639 1257 728; baseline 0.006 -26"><span class='ocrx_word' id='word_1_15' title='bbox 163 639 284 704; x_wconf 81' lang='lat' dir='ltr'><strong>stantia</strong></span> <span class='ocrx_word' id='word_1_16' title='bbox 298 639 518 716; x_wconf 89' lang='lat' dir='ltr'><strong>admirabilis,</strong></span> <span class='ocrx_word' id='word_1_17' title='bbox 540 659 642 722; x_wconf 89' lang='lat' dir='ltr'><strong>quam</strong></span> <span class='ocrx_word' id='word_1_18' title='bbox 665 639 732 718; x_wconf 85' lang='lat' dir='ltr'><strong>Qu.</strong></span> <span class='ocrx_word' id='word_1_19' title='bbox 747 641 882 706; x_wconf 85' lang='lat' dir='ltr'><strong>Fabius</strong></span> <span class='ocrx_word' id='word_1_20' title='bbox 903 641 1078 708; x_wconf 81' lang='lat' dir='ltr'><strong>Maximus</strong></span> <span class='ocrx_word' id='word_1_21' title='bbox 1103 643 1257 728; x_wconf 81' lang='lat' dir='ltr'><strong>infatiga-</strong></span> 
     </span>
     <span class='ocr_line' id='line_1_4' title="bbox 162 741 1258 828; baseline 0.006 -25"><span class='ocrx_word' id='word_1_22' title='bbox 162 741 264 804; x_wconf 84' lang='lat' dir='ltr'>bilem</span> <span class='ocrx_word' id='word_1_23' title='bbox 280 743 399 824; x_wconf 86' lang='lat' dir='ltr'><strong>patriee</strong></span> <span class='ocrx_word' id='word_1_24' title='bbox 424 742 590 825; x_wconf 84' lang='lat' dir='ltr'><strong>praestitit</strong></span> <span class='ocrx_word' id='word_1_25' title='bbox 633 741 821 807; x_wconf 82' lang='lat' dir='ltr'><strong>Pecuniam</strong></span> <span class='ocrx_word' id='word_1_26' title='bbox 845 762 907 826; x_wconf 89' lang='lat' dir='ltr'><strong>pro</strong></span> <span class='ocrx_word' id='word_1_27' title='bbox 932 743 1104 828; x_wconf 78' lang='lat' dir='ltr'><strong>eaptirrisb</strong></span> <span class='ocrx_word' id='word_1_28' title='bbox 1127 745 1258 810; x_wconf 88' lang='lat' dir='ltr'><strong>Hanni-</strong></span> 
     </span>
     <span class='ocr_line' id='line_1_5' title="bbox 161 841 1258 926; baseline 0.007 -22"><span class='ocrx_word' id='word_1_29' title='bbox 161 841 230 904; x_wconf 87' lang='lat' dir='ltr'><strong>bali</strong></span> <span class='ocrx_word' id='word_1_30' title='bbox 244 849 491 908; x_wconf 83' lang='lat' dir='ltr'><strong>numeraverat:</strong></span> <span class='ocrx_word' id='word_1_31' title='bbox 504 849 528 889; x_wconf 83' lang='lat'><strong>¹³</strong></span> <span class='ocrx_word' id='word_1_32' title='bbox 543 841 721 906; x_wconf 86' lang='lat' dir='ltr'><strong>fraudatus</strong></span> <span class='ocrx_word' id='word_1_33' title='bbox 736 861 779 908; x_wconf 90' lang='lat' dir='ltr'><strong>ea</strong></span> <span class='ocrx_word' id='word_1_34' title='bbox 792 844 939 926; x_wconf 86' lang='lat' dir='ltr'><strong>publice,</strong></span> <span class='ocrx_word' id='word_1_35' title='bbox 954 845 1070 910; x_wconf 90' lang='lat' dir='ltr'><strong>tacuit.</strong></span> <span class='ocrx_word' id='word_1_36' title='bbox 1086 845 1258 912; x_wconf 89' lang='lat' dir='ltr'><strong>Dictatori</strong></span> 
     </span>
     <span class='ocr_line' id='line_1_6' title="bbox 163 942 1258 1030; baseline 0.006 -25"><span class='ocrx_word' id='word_1_37' title='bbox 163 942 231 1006; x_wconf 83' lang='lat' dir='ltr'><strong>ei&#39;4</strong></span> <span class='ocrx_word' id='word_1_38' title='bbox 262 944 453 1026; x_wconf 80' lang='lat' dir='ltr'><strong>magistrum</strong></span> <span class='ocrx_word' id='word_1_39' title='bbox 477 945 630 1027; x_wconf 90' lang='lat' dir='ltr'><strong>equitum</strong></span> <span class='ocrx_word' id='word_1_40' title='bbox 656 943 845 1010; x_wconf 88' lang='lat' dir='ltr'><strong>Minucium</strong></span> <span class='ocrx_word' id='word_1_41' title='bbox 862 945 939 1028; x_wconf 89' lang='lat' dir='ltr'><strong>jura</strong></span> <span class='ocrx_word' id='word_1_42' title='bbox 961 947 1093 1030; x_wconf 87' lang='lat' dir='ltr'><strong>imperii</strong></span> <span class='ocrx_word' id='word_1_43' title='bbox 1121 954 1258 1012; x_wconf 86' lang='lat' dir='ltr'><strong>senatus</strong></span> 
     </span>
     <span class='ocr_line' id='line_1_7' title="bbox 163 1044 1259 1132; baseline 0.006 -26"><span class='ocrx_word' id='word_1_44' title='bbox 163 1051 394 1126; x_wconf 75' lang='lat' dir='ltr'><strong>aequaveratz⁰</strong></span> <span class='ocrx_word' id='word_1_45' title='bbox 415 1045 583 1110; x_wconf 87' lang='lat' dir='ltr'><strong>silentium</strong></span> <span class='ocrx_word' id='word_1_46' title='bbox 606 1045 684 1128; x_wconf 83' lang='lat' dir='ltr'><strong>egit.</strong></span> <span class='ocrx_word' id='word_1_47' title='bbox 728 1044 966 1130; x_wconf 84' lang='lat' dir='ltr'><strong>Compluribus</strong></span> <span class='ocrx_word' id='word_1_48' title='bbox 987 1053 1149 1130; x_wconf 74' lang='lat' dir='ltr'><strong>praeterea</strong></span> <span class='ocrx_word' id='word_1_49' title='bbox 1171 1049 1259 1132; x_wconf 84' lang='lat' dir='ltr'><strong>inju-</strong></span> 
     </span>
     <span class='ocr_line' id='line_1_8' title="bbox 162 1144 1260 1232; baseline 0.007 -26"><span class='ocrx_word' id='word_1_50' title='bbox 162 1144 221 1208; x_wconf 87' lang='lat' dir='ltr'><strong>riis</strong></span> <span class='ocrx_word' id='word_1_51' title='bbox 235 1144 420 1224; x_wconf 78' lang='lat' dir='ltr'><strong>lacessitae,</strong></span> <span class='ocrx_word' id='word_1_52' title='bbox 443 1147 479 1209; x_wconf 91' lang='lat' dir='ltr'><strong>in</strong></span> <span class='ocrx_word' id='word_1_53' title='bbox 493 1145 614 1212; x_wconf 90' lang='lat' dir='ltr'><strong>eodem</strong></span> <span class='ocrx_word' id='word_1_54' title='bbox 628 1146 732 1212; x_wconf 88' lang='lat' dir='ltr'><strong>animi</strong></span> <span class='ocrx_word' id='word_1_55' title='bbox 756 1148 873 1213; x_wconf 89' lang='lat' dir='ltr'><strong>habitu</strong></span> <span class='ocrx_word' id='word_1_56' title='bbox 895 1150 1089 1232; x_wconf 89' lang='lat' dir='ltr'><strong>permansit,</strong></span> <span class='ocrx_word' id='word_1_57' title='bbox 1111 1168 1176 1214; x_wconf 88' lang='lat' dir='ltr'><strong>nec</strong></span> <span class='ocrx_word' id='word_1_58' title='bbox 1199 1169 1260 1214; x_wconf 82' lang='lat' dir='ltr'><strong>ua·</strong></span> 
     </span>
     <span class='ocr_line' id='line_1_9' title="bbox 164 1247 1260 1334; baseline 0.007 -26"><span class='ocrx_word' id='word_1_59' title='bbox 164 1263 264 1328; x_wconf 87' lang='lat' dir='ltr'><strong>quam</strong></span> <span class='ocrx_word' id='word_1_60' title='bbox 289 1247 355 1311; x_wconf 85' lang='lat' dir='ltr'><strong>sibi</strong></span> <span class='ocrx_word' id='word_1_61' title='bbox 379 1249 575 1332; x_wconf 86' lang='lat' dir='ltr'><strong>reipublicae</strong></span> <span class='ocrx_word' id='word_1_62' title='bbox 586 1256 611 1296; x_wconf 83' lang='lat'><strong>¹⁵</strong></span> <span class='ocrx_word' id='word_1_63' title='bbox 633 1249 785 1334; x_wconf 85' lang='lat' dir='ltr'><strong>permisit</strong></span> <span class='ocrx_word' id='word_1_64' title='bbox 809 1249 928 1315; x_wconf 85' lang='lat' dir='ltr'><strong>irasci:</strong></span> <span class='ocrx_word' id='word_1_65' title='bbox 950 1256 1018 1315; x_wconf 91' lang='lat' dir='ltr'><strong>tam</strong></span> <span class='ocrx_word' id='word_1_66' title='bbox 1043 1269 1260 1334; x_wconf 83' lang='lat' dir='ltr'><strong>perseverans</strong></span> 
     </span>
     <span class='ocr_line' id='line_1_10' title="bbox 163 1345 1260 1434; baseline 0.006 -25"><span class='ocrx_word' id='word_1_67' title='bbox 163 1346 200 1410; x_wconf 89' lang='lat' dir='ltr'><strong>in</strong></span> <span class='ocrx_word' id='word_1_68' title='bbox 215 1366 327 1412; x_wconf 90' lang='lat' dir='ltr'><strong>amore</strong></span> <span class='ocrx_word' id='word_1_69' title='bbox 343 1345 369 1389; x_wconf 88' lang='lat'><strong>¹⁶</strong></span> <span class='ocrx_word' id='word_1_70' title='bbox 392 1351 518 1416; x_wconf 84' lang='lat' dir='ltr'><strong>civium</strong></span> <span class='ocrx_word' id='word_1_71' title='bbox 528 1349 612 1416; x_wconf 86' lang='lat' dir='ltr'><strong>fnit:</strong></span> <span class='ocrx_word' id='word_1_72' title='bbox 636 1349 716 1434; x_wconf 91' lang='lat' dir='ltr'><strong>quid</strong></span> <span class='ocrx_word' id='word_1_73' title='bbox 731 1352 873 1417; x_wconf 85' lang='lat' dir='ltr'><strong>inbelle</strong></span> <span class='ocrx_word' id='word_1_74' title='bbox 888 1351 1049 1434; x_wconf 77' lang='lat' dir='ltr'><strong>gerend03</strong></span> <span class='ocrx_word' id='word_1_75' title='bbox 1072 1370 1183 1416; x_wconf 87' lang='lat' dir='ltr'><strong>nonne</strong></span> <span class='ocrx_word' id='word_1_76' title='bbox 1198 1371 1260 1434; x_wconf 84' lang='lat' dir='ltr'><strong>par</strong></span> 
     </span>
     <span class='ocr_line' id='line_1_11' title="bbox 164 1449 1260 1536; baseline 0.005 -25"><span class='ocrx_word' id='word_1_77' title='bbox 164 1449 237 1532; x_wconf 89' lang='lat' dir='ltr'><strong>ejus</strong></span> <span class='ocrx_word' id='word_1_78' title='bbox 264 1452 478 1517; x_wconf 89' lang='lat' dir='ltr'><strong>coustantia&#39;l</strong></span> <span class='ocrx_word' id='word_1_79' title='bbox 522 1451 706 1536; x_wconf 87' lang='lat' dir='ltr'><strong>Imperium</strong></span> <span class='ocrx_word' id='word_1_80' title='bbox 731 1451 918 1516; x_wconf 86' lang='lat' dir='ltr'><strong>Romanurn</strong></span> <span class='ocrx_word' id='word_1_81' title='bbox 943 1451 1114 1516; x_wconf 82' lang='lat' dir='ltr'><strong>Cannensi</strong></span> <span class='ocrx_word' id='word_1_82' title='bbox 1140 1451 1260 1535; x_wconf 81' lang='lat' dir='ltr'><strong>proelio</strong></span> 
     </span>
     <span class='ocr_line' id='line_1_12' title="bbox 163 1550 1262 1637; baseline 0.005 -25"><span class='ocrx_word' id='word_1_83' title='bbox 163 1568 261 1632; x_wconf 88' lang='lat' dir='ltr'><strong>paene</strong></span> <span class='ocrx_word' id='word_1_84' title='bbox 275 1550 478 1618; x_wconf 90' lang='lat' dir='ltr'><strong>destructum</strong></span> <span class='ocrx_word' id='word_1_85' title='bbox 493 1553 553 1618; x_wconf 84' lang='lat' dir='ltr'><strong>vix</strong></span> <span class='ocrx_word' id='word_1_86' title='bbox 576 1551 728 1617; x_wconf 87' lang='lat' dir='ltr'><strong>sufficere</strong></span> <span class='ocrx_word' id='word_1_87' title='bbox 751 1551 795 1617; x_wconf 92' lang='lat' dir='ltr'><strong>ad</strong></span> <span class='ocrx_word' id='word_1_88' title='bbox 822 1553 988 1618; x_wconf 84' lang='lat' dir='ltr'><strong>exercitus</strong></span> <span class='ocrx_word' id='word_1_89' title='bbox 1014 1553 1262 1637; x_wconf 84' lang='lat' dir='ltr'><strong>comparandos</strong></span> 
     </span>
     <span class='ocr_line' id='line_1_13' title="bbox 164 1650 1262 1738; baseline 0.005 -25"><span class='ocrx_word' id='word_1_90' title='bbox 164 1650 311 1716; x_wconf 81' lang='lat' dir='ltr'><strong>videbat.</strong></span> <span class='ocrx_word' id='word_1_91' title='bbox 355 1651 477 1738; x_wconf 88' lang='lat' dir='ltr'><strong>Itaque</strong></span> <span class='ocrx_word' id='word_1_92' title='bbox 507 1653 660 1718; x_wconf 80' lang='lat' dir='ltr'><strong>frustrari</strong></span> <span class='ocrx_word' id='word_1_93' title='bbox 683 1657 717 1717; x_wconf 90' lang='lat' dir='ltr'><strong>et</strong></span> <span class='ocrx_word' id='word_1_94' title='bbox 738 1652 871 1718; x_wconf 88' lang='lat' dir='ltr'><strong>eludere</strong></span> <span class='ocrx_word' id='word_1_95' title='bbox 894 1651 1076 1720; x_wconf 88' lang='lat' dir='ltr'><strong>Poenorum</strong></span> <span class='ocrx_word' id='word_1_96' title='bbox 1099 1654 1262 1738; x_wconf 88' lang='lat' dir='ltr'><strong>impetus,</strong></span> 
     </span>
     <span class='ocr_line' id='line_1_14' title="bbox 166 1754 1261 1834; baseline 0.007 -20"><span class='ocrx_word' id='word_1_97' title='bbox 166 1769 267 1834; x_wconf 88' lang='lat' dir='ltr'><strong>quam</strong></span> <span class='ocrx_word' id='word_1_98' title='bbox 288 1773 421 1818; x_wconf 90' lang='lat' dir='ltr'><strong>manum</strong></span> <span class='ocrx_word' id='word_1_99' title='bbox 445 1773 524 1820; x_wconf 89' lang='lat' dir='ltr'><strong>oum</strong></span> <span class='ocrx_word' id='word_1_100' title='bbox 549 1754 603 1818; x_wconf 87' lang='lat' dir='ltr'><strong>his</strong></span> <span class='ocrx_word' id='word_1_101' title='bbox 626 1758 700 1819; x_wconf 90' lang='lat' dir='ltr'><strong>tota</strong></span> <span class='ocrx_word' id='word_1_102' title='bbox 724 1755 798 1820; x_wconf 88' lang='lat' dir='ltr'><strong>acie</strong></span> <span class='ocrx_word' id='word_1_103' title='bbox 819 1774 993 1822; x_wconf 85' lang='lat' dir='ltr'><strong>conserere</strong></span> <span class='ocrx_word' id='word_1_104' title='bbox 1016 1756 1135 1821; x_wconf 88' lang='lat' dir='ltr'><strong>melius</strong></span> <span class='ocrx_word' id='word_1_105' title='bbox 1156 1761 1261 1834; x_wconf 89' lang='lat' dir='ltr'><strong>ratus,</strong></span> 
     </span>
     <span class='ocr_line' id='line_1_15' title="bbox 165 1851 1262 1940; baseline 0.006 -26"><span class='ocrx_word' id='word_1_106' title='bbox 165 1851 318 1934; x_wconf 90' lang='lat' dir='ltr'><strong>pluribus</strong></span> <span class='ocrx_word' id='word_1_107' title='bbox 332 1855 644 1920; x_wconf 86' lang='lat' dir='ltr'><strong>comminationibus</strong></span> <span class='ocrx_word' id='word_1_108' title='bbox 659 1853 865 1920; x_wconf 81' lang='lat' dir='ltr'><strong>Hannibalis</strong></span> <span class='ocrx_word' id='word_1_109' title='bbox 880 1856 1039 1934; x_wconf 87' lang='lat' dir='ltr'><strong>irritatus,</strong></span> <span class='ocrx_word' id='word_1_110' title='bbox 1050 1876 1144 1940; x_wconf 83' lang='lat' dir='ltr'><strong>saepe</strong></span> <span class='ocrx_word' id='word_1_111' title='bbox 1158 1858 1262 1922; x_wconf 92' lang='lat' dir='ltr'><strong>etiam</strong></span> 
     </span>
     <span class='ocr_line' id='line_1_16' title="bbox 166 1954 1262 2040; baseline 0.006 -25"><span class='ocrx_word' id='word_1_112' title='bbox 166 1961 227 2035; x_wconf 87' lang='lat' dir='ltr'><strong>spe</strong></span> <span class='ocrx_word' id='word_1_113' title='bbox 237 1960 263 2001; x_wconf 86' lang='lat'><strong>¹⁷</strong></span> <span class='ocrx_word' id='word_1_114' title='bbox 285 1955 370 2018; x_wconf 89' lang='lat' dir='ltr'><strong>bene</strong></span> <span class='ocrx_word' id='word_1_115' title='bbox 384 1954 536 2036; x_wconf 76' lang='lat' dir='ltr'><strong>gerendae</strong></span> <span class='ocrx_word' id='word_1_116' title='bbox 549 1955 597 2019; x_wconf 88' lang='lat' dir='ltr'><strong>rei</strong></span> <span class='ocrx_word' id='word_1_117' title='bbox 613 1955 739 2032; x_wconf 88' lang='lat' dir='ltr'><strong>oblata,</strong></span> <span class='ocrx_word' id='word_1_118' title='bbox 752 1975 920 2040; x_wconf 86' lang='lat' dir='ltr'><strong>nunquam</strong></span> <span class='ocrx_word' id='word_1_119' title='bbox 935 1975 959 2038; x_wconf 34' lang='lat' dir='ltr'><strong>a,</strong></span> <span class='ocrx_word' id='word_1_120' title='bbox 971 1957 1106 2022; x_wconf 87' lang='lat' dir='ltr'><strong>con&#39;silii</strong></span> <span class='ocrx_word' id='word_1_121' title='bbox 1121 1958 1262 2022; x_wconf 87' lang='lat' dir='ltr'><strong>salubri·</strong></span> 
     </span>
     <span class='ocr_line' id='line_1_17' title="bbox 165 2056 1262 2140; baseline 0.003 -21"><span class='ocrx_word' id='word_1_122' title='bbox 165 2063 249 2132; x_wconf 86' lang='lat' dir='ltr'><strong>tate,</strong></span> <span class='ocrx_word' id='word_1_123' title='bbox 278 2075 321 2120; x_wconf 88' lang='lat' dir='ltr'><strong>ne</strong></span> <span class='ocrx_word' id='word_1_124' title='bbox 349 2057 445 2140; x_wconf 85' lang='lat' dir='ltr'><strong>parvi</strong></span> <span class='ocrx_word' id='word_1_125' title='bbox 479 2056 614 2140; x_wconf 91' lang='lat' dir='ltr'><strong>quidem</strong></span> <span class='ocrx_word' id='word_1_126' title='bbox 653 2056 842 2120; x_wconf 84' lang='lat' dir='ltr'><strong>certaminis</strong></span> <span class='ocrx_word' id='word_1_127' title='bbox 871 2057 1070 2136; x_wconf 89' lang='lat' dir='ltr'><strong>discrimine,</strong></span> <span class='ocrx_word' id='word_1_128' title='bbox 1111 2059 1262 2122; x_wconf 88' lang='lat' dir='ltr'><strong>recessit.</strong></span> 
     </span>
     <span class='ocr_line' id='line_1_18' title="bbox 167 2153 1263 2243; baseline 0.002 -23"><span class='ocrx_word' id='word_1_129' title='bbox 167 2153 339 2242; x_wconf 83' lang='lat' dir='ltr'><strong>Quodque</strong></span> <span class='ocrx_word' id='word_1_130' title='bbox 355 2163 409 2224; x_wconf 90' lang='lat' dir='ltr'><strong>est</strong></span> <span class='ocrx_word' id='word_1_131' title='bbox 428 2157 677 2237; x_wconf 72' lang='lat' dir='ltr'><strong>difficillimum·</strong></span> <span class='ocrx_word' id='word_1_132' title='bbox 693 2157 818 2242; x_wconf 89' lang='lat' dir='ltr'><strong>ubique</strong></span> <span class='ocrx_word' id='word_1_133' title='bbox 844 2159 895 2224; x_wconf 90' lang='lat' dir='ltr'><strong>ira</strong></span> <span class='ocrx_word' id='word_1_134' title='bbox 922 2177 963 2224; x_wconf 92' lang='lat' dir='ltr'><strong>ac</strong></span> <span class='ocrx_word' id='word_1_135' title='bbox 987 2178 1048 2242; x_wconf 88' lang='lat' dir='ltr'><strong>spe</strong></span> <span class='ocrx_word' id='word_1_136' title='bbox 1071 2158 1263 2243; x_wconf 84' lang='lat' dir='ltr'><strong>superior¹⁸</strong></span> 
     </span>
    </p>
   </div>
   <div class='ocr_carea' id='block_1_3' title="bbox 625 2335 804 2358">
    <p class='ocr_par' dir='ltr' id='par_1_3' title="bbox 625 2335 804 2358">
     <span class='ocr_line' id='line_1_19' title="bbox 625 2335 804 2358; baseline -0.006 -1"><span class='ocrx_word' id='word_1_137' title='bbox 625 2335 804 2358; x_wconf 61' lang='lat' dir='ltr'><em>m</em></span> 
     </span>
    </p>
   </div>
   <div class='ocr_carea' id='block_1_4' title="bbox 137 2417 1266 3122">
    <p class='ocr_par' dir='ltr' id='par_1_4' title="bbox 164 2417 1264 2611">
     <span class='ocr_line' id='line_1_20' title="bbox 165 2417 1263 2482; baseline -0.007 -12"><span class='ocrx_word' id='word_1_138' title='bbox 165 2419 209 2470; x_wconf 82' lang='lat' dir='ltr'><strong>Sic</strong></span> <span class='ocrx_word' id='word_1_139' title='bbox 218 2417 285 2469; x_wconf 86' lang='lat' dir='ltr'><strong>bene</strong></span> <span class='ocrx_word' id='word_1_140' title='bbox 296 2417 532 2482; x_wconf 61' lang='lat' dir='ltr'><strong>Canastraeum</strong></span> <span class='ocrx_word' id='word_1_141' title='bbox 543 2418 619 2470; x_wconf 86' lang='lat' dir='ltr'><strong>codd.</strong></span> <span class='ocrx_word' id='word_1_142' title='bbox 629 2419 740 2470; x_wconf 82' lang='lat' dir='ltr'><strong>Torren.</strong></span> <span class='ocrx_word' id='word_1_143' title='bbox 751 2432 811 2468; x_wconf 88' lang='lat' dir='ltr'><strong>curn</strong></span> <span class='ocrx_word' id='word_1_144' title='bbox 819 2417 880 2468; x_wconf 80' lang='lat' dir='ltr'><strong>vet.</strong></span> <span class='ocrx_word' id='word_1_145' title='bbox 891 2418 963 2479; x_wconf 70' lang='lat' dir='ltr'><strong>Mag.</strong></span> <span class='ocrx_word' id='word_1_146' title='bbox 983 2425 1012 2468; x_wconf 87' lang='lat' dir='ltr'><strong>st</strong></span> <span class='ocrx_word' id='word_1_147' title='bbox 1022 2417 1128 2469; x_wconf 75' lang='lat' dir='ltr'><strong>Veneti.</strong></span> <span class='ocrx_word' id='word_1_148' title='bbox 1149 2417 1192 2468; x_wconf 85' lang='lat' dir='ltr'><strong>alli</strong></span> <span class='ocrx_word' id='word_1_149' title='bbox 1212 2434 1263 2470; x_wconf 80' lang='lat' dir='ltr'><strong>ma.</strong></span> 
     </span>
     <span class='ocr_line' id='line_1_21' title="bbox 164 2481 1264 2547; baseline 0.002 -14"><span class='ocrx_word' id='word_1_150' title='bbox 164 2484 268 2545; x_wconf 74' lang='lat' dir='ltr'><strong>amnti,</strong></span> <span class='ocrx_word' id='word_1_151' title='bbox 286 2482 496 2542; x_wconf 50' lang='lat' dir='ltr'><strong>sisamoi&amp;</strong></span> <span class='ocrx_word' id='word_1_152' title='bbox 511 2482 633 2533; x_wconf 80' lang='lat' dir='ltr'><strong>Perisse.</strong></span> <span class='ocrx_word' id='word_1_153' title='bbox 651 2481 721 2546; x_wconf 87' lang='lat' dir='ltr'><strong>conj.</strong></span> <span class='ocrx_word' id='word_1_154' title='bbox 740 2487 950 2533; x_wconf 62' lang='lat' dir='ltr'><strong>amm-lt</strong></span> <span class='ocrx_word' id='word_1_155' title='bbox 966 2481 1060 2547; x_wconf 76' lang='lat' dir='ltr'><strong>Copae.</strong></span> <span class='ocrx_word' id='word_1_156' title='bbox 1079 2490 1107 2532; x_wconf 83' lang='lat' dir='ltr'><strong>et</strong></span> <span class='ocrx_word' id='word_1_157' title='bbox 1124 2483 1221 2532; x_wconf 79' lang='lat' dir='ltr'><strong>Brund.</strong></span> <span class='ocrx_word' id='word_1_158' title='bbox 1239 2489 1264 2535; x_wconf 89' lang='lat'><strong>1.</strong></span> 
     </span>
     <span class='ocr_line' id='line_1_22' title="bbox 166 2545 1264 2611; baseline 0 -13"><span class='ocrx_word' id='word_1_159' title='bbox 166 2547 289 2598; x_wconf 80' lang='lat' dir='ltr'><strong>Dictntnrt</strong></span> <span class='ocrx_word' id='word_1_160' title='bbox 298 2546 380 2609; x_wconf 71' lang='lat' dir='ltr'><strong>atina,</strong></span> <span class='ocrx_word' id='word_1_161' title='bbox 397 2548 523 2611; x_wconf 82' lang='lat' dir='ltr'><strong>probante</strong></span> <span class='ocrx_word' id='word_1_162' title='bbox 534 2546 671 2597; x_wconf 85' lang='lat' dir='ltr'><strong>l’ariaonln</strong></span> <span class='ocrx_word' id='word_1_163' title='bbox 681 2562 689 2608; x_wconf 78' lang='lat'>3</span> <span class='ocrx_word' id='word_1_164' title='bbox 706 2545 795 2596; x_wconf 83' lang='lat' dir='ltr'><strong>decern</strong></span> <span class='ocrx_word' id='word_1_165' title='bbox 805 2545 881 2596; x_wconf 88' lang='lat' dir='ltr'><strong>codd.</strong></span> <span class='ocrx_word' id='word_1_166' title='bbox 891 2547 998 2597; x_wconf 78' lang='lat' dir='ltr'><strong>Tamen.</strong></span> <span class='ocrx_word' id='word_1_167' title='bbox 1008 2553 1037 2597; x_wconf 88' lang='lat' dir='ltr'><strong>et</strong></span> <span class='ocrx_word' id='word_1_168' title='bbox 1047 2547 1120 2611; x_wconf 73' lang='lat' dir='ltr'><strong>Mag.</strong></span> <span class='ocrx_word' id='word_1_169' title='bbox 1139 2547 1264 2598; x_wconf 70' lang='lat' dir='ltr'><strong>Dbtntori</strong></span> 
     </span>
    </p>

    <p class='ocr_par' dir='ltr' id='par_1_5' title="bbox 137 2610 1266 3122">
     <span class='ocr_line' id='line_1_23' title="bbox 165 2610 1265 2674; baseline -0.001 -12"><span class='ocrx_word' id='word_1_170' title='bbox 165 2618 190 2662; x_wconf 83' lang='lat' dir='ltr'><strong>et</strong></span> <span class='ocrx_word' id='word_1_171' title='bbox 199 2611 313 2673; x_wconf 62' lang='lat' dir='ltr'><strong>matam</strong></span> <span class='ocrx_word' id='word_1_172' title='bbox 319 2626 329 2669; x_wconf 72' lang='grc' dir='ltr'><strong><em>ς</em></strong></span> <span class='ocrx_word' id='word_1_173' title='bbox 364 2619 456 2661; x_wconf 89' lang='lat' dir='ltr'><strong>natnnr</strong></span> <span class='ocrx_word' id='word_1_174' title='bbox 467 2625 500 2661; x_wconf 85' lang='lat' dir='ltr'><strong>ex</strong></span> <span class='ocrx_word' id='word_1_175' title='bbox 509 2611 561 2660; x_wconf 87' lang='lat' dir='ltr'><strong>illis</strong></span> <span class='ocrx_word' id='word_1_176' title='bbox 571 2611 693 2660; x_wconf 61' lang='lat' dir='ltr'><strong>binim</strong></span> <span class='ocrx_word' id='word_1_177' title='bbox 705 2624 752 2674; x_wconf 87' lang='lat' dir='ltr'><strong>pro</strong></span> <span class='ocrx_word' id='word_1_178' title='bbox 764 2611 898 2660; x_wconf 61' lang='lat' dir='ltr'><strong>Mamm</strong></span> <span class='ocrx_word' id='word_1_179' title='bbox 904 2626 915 2670; x_wconf 88' lang='lat'><strong>‚·</strong></span> <span class='ocrx_word' id='word_1_180' title='bbox 930 2611 995 2660; x_wconf 83' lang='lat' dir='ltr'><strong>alins</strong></span> <span class='ocrx_word' id='word_1_181' title='bbox 1013 2610 1130 2660; x_wconf 79' lang='lat' dir='ltr'><strong>Pariana.</strong></span> <span class='ocrx_word' id='word_1_182' title='bbox 1141 2611 1265 2661; x_wconf 77' lang='lat' dir='ltr'><strong>Dictatori</strong></span> 
     </span>
     <span class='ocr_line' id='line_1_24' title="bbox 137 2673 1265 2740; baseline -0.002 -14"><span class='ocrx_word' id='word_1_183' title='bbox 137 2699 143 2710; x_wconf 86' lang='lat'><strong>·</strong></span> <span class='ocrx_word' id='word_1_184' title='bbox 165 2677 315 2738; x_wconf 61' lang='lat' dir='ltr'><strong>mona.</strong></span> <span class='ocrx_word' id='word_1_185' title='bbox 378 2690 412 2724; x_wconf 81' lang='lat' dir='ltr'><strong>ox</strong></span> <span class='ocrx_word' id='word_1_186' title='bbox 423 2676 629 2740; x_wconf 77' lang='lat' dir='ltr'><strong>Lipsinsseaatss</strong></span> <span class='ocrx_word' id='word_1_187' title='bbox 640 2675 712 2724; x_wconf 88' lang='lat' dir='ltr'><strong>delet</strong></span> <span class='ocrx_word' id='word_1_188' title='bbox 730 2680 757 2724; x_wconf 83' lang='lat' dir='ltr'><strong>et</strong></span> <span class='ocrx_word' id='word_1_189' title='bbox 776 2675 841 2738; x_wconf 73' lang='lat' dir='ltr'><strong>legit</strong></span> <span class='ocrx_word' id='word_1_190' title='bbox 856 2679 1015 2739; x_wconf 65' lang='lat' dir='ltr'><strong>emeat.</strong></span> <span class='ocrx_word' id='word_1_191' title='bbox 1048 2673 1189 2726; x_wconf 71' lang='lat' dir='ltr'><strong>utcontra</strong></span> <span class='ocrx_word' id='word_1_192' title='bbox 1204 2676 1265 2739; x_wconf 78' lang='lat' dir='ltr'><strong>bip·</strong></span> 
     </span>
     <span class='ocr_line' id='line_1_25' title="bbox 166 2737 1266 2803; baseline 0.003 -15"><span class='ocrx_word' id='word_1_193' title='bbox 166 2740 232 2789; x_wconf 88' lang='lat' dir='ltr'><strong>sinru</strong></span> <span class='ocrx_word' id='word_1_194' title='bbox 243 2746 314 2792; x_wconf 86' lang='lat' dir='ltr'><strong>stant</strong></span> <span class='ocrx_word' id='word_1_195' title='bbox 324 2753 412 2790; x_wconf 87' lang='lat' dir='ltr'><strong>omues</strong></span> <span class='ocrx_word' id='word_1_196' title='bbox 423 2739 500 2790; x_wconf 88' lang='lat' dir='ltr'><strong>codd.</strong></span> <span class='ocrx_word' id='word_1_197' title='bbox 510 2747 538 2789; x_wconf 86' lang='lat' dir='ltr'><strong>et</strong></span> <span class='ocrx_word' id='word_1_198' title='bbox 550 2739 608 2789; x_wconf 88' lang='lat' dir='ltr'><strong>libri</strong></span> <span class='ocrx_word' id='word_1_199' title='bbox 620 2737 812 2803; x_wconf 76' lang='lat' dir='ltr'><strong>impressi-ld</strong></span> <span class='ocrx_word' id='word_1_200' title='bbox 831 2739 933 2790; x_wconf 81' lang='lat' dir='ltr'><strong>Nouem</strong></span> <span class='ocrx_word' id='word_1_201' title='bbox 944 2737 1021 2790; x_wconf 87' lang='lat' dir='ltr'><strong>codd.</strong></span> <span class='ocrx_word' id='word_1_202' title='bbox 1030 2741 1133 2802; x_wconf 58' lang='lat' dir='ltr'><strong>matt,</strong></span> <span class='ocrx_word' id='word_1_203' title='bbox 1144 2754 1186 2788; x_wconf 81' lang='lat' dir='ltr'><strong>aee</strong></span> <span class='ocrx_word' id='word_1_204' title='bbox 1203 2753 1228 2789; x_wconf 81' lang='lat' dir='ltr'><strong>a.</strong></span> <span class='ocrx_word' id='word_1_205' title='bbox 1244 2755 1266 2791; x_wconf 75' lang='lat' dir='ltr'><strong>a.</strong></span> 
     </span>
     <span class='ocr_line' id='line_1_26' title="bbox 165 2802 1265 2868; baseline -0.001 -14"><span class='ocrx_word' id='word_1_206' title='bbox 165 2803 346 2868; x_wconf 61' lang='lat' dir='ltr'><strong>canitiem,-</strong></span> <span class='ocrx_word' id='word_1_207' title='bbox 362 2803 431 2853; x_wconf 85' lang='lat' dir='ltr'><strong>unde</strong></span> <span class='ocrx_word' id='word_1_208' title='bbox 442 2804 583 2854; x_wconf 79' lang='lat' dir='ltr'><strong>Torrentur</strong></span> <span class='ocrx_word' id='word_1_209' title='bbox 594 2802 664 2866; x_wconf 84' lang='lat' dir='ltr'><strong>conj.</strong></span> <span class='ocrx_word' id='word_1_210' title='bbox 678 2803 704 2851; x_wconf 80' lang='lat' dir='ltr'><strong>la</strong></span> <span class='ocrx_word' id='word_1_211' title='bbox 720 2803 894 2866; x_wconf 56' lang='lat' dir='ltr'><strong>rametam,</strong></span> <span class='ocrx_word' id='word_1_212' title='bbox 910 2803 944 2852; x_wconf 89' lang='lat' dir='ltr'><strong>im</strong></span> <span class='ocrx_word' id='word_1_213' title='bbox 965 2803 1073 2853; x_wconf 85' lang='lat' dir='ltr'><strong>robante</strong></span> <span class='ocrx_word' id='word_1_214' title='bbox 1084 2803 1265 2866; x_wconf 80' lang='lat' dir='ltr'><strong>Kappio.-lb</strong></span> 
     </span>
     <span class='ocr_line' id='line_1_27' title="bbox 166 2865 1266 2924; baseline 0 -7"><span class='ocrx_word' id='word_1_215' title='bbox 166 2869 237 2918; x_wconf 85' lang='lat' dir='ltr'><strong>Dan.</strong></span> <span class='ocrx_word' id='word_1_216' title='bbox 248 2875 276 2918; x_wconf 85' lang='lat' dir='ltr'><strong>et</strong></span> <span class='ocrx_word' id='word_1_217' title='bbox 287 2875 342 2917; x_wconf 85' lang='lat' dir='ltr'><strong>tras</strong></span> <span class='ocrx_word' id='word_1_218' title='bbox 352 2868 499 2919; x_wconf 69' lang='lat' dir='ltr'><strong>Terrenis</strong></span> <span class='ocrx_word' id='word_1_219' title='bbox 507 2881 625 2918; x_wconf 71' lang='lat' dir='ltr'><strong>men:</strong></span> <span class='ocrx_word' id='word_1_220' title='bbox 641 2874 695 2916; x_wconf 88' lang='lat' dir='ltr'><strong>tum</strong></span> <span class='ocrx_word' id='word_1_221' title='bbox 706 2865 760 2924; x_wconf 78' lang='lat' dir='ltr'><strong>fait</strong></span> <span class='ocrx_word' id='word_1_222' title='bbox 771 2881 822 2916; x_wconf 89' lang='lat' dir='ltr'><strong>non</strong></span> <span class='ocrx_word' id='word_1_223' title='bbox 833 2868 928 2918; x_wconf 76' lang='lat' dir='ltr'><strong>habam</strong></span> <span class='ocrx_word' id='word_1_224' title='bbox 957 2879 1030 2917; x_wconf 84' lang='lat' dir='ltr'><strong>ecem</strong></span> <span class='ocrx_word' id='word_1_225' title='bbox 1041 2866 1117 2916; x_wconf 90' lang='lat' dir='ltr'><strong>codd.</strong></span> <span class='ocrx_word' id='word_1_226' title='bbox 1132 2881 1191 2916; x_wconf 89' lang='lat' dir='ltr'><strong>cnm</strong></span> <span class='ocrx_word' id='word_1_227' title='bbox 1203 2867 1266 2918; x_wconf 80' lang='lat' dir='ltr'><strong>Vel.</strong></span> 
     </span>
     <span class='ocr_line' id='line_1_28' title="bbox 166 2929 1266 2996; baseline -0.001 -16"><span class='ocrx_word' id='word_1_228' title='bbox 166 2939 196 2981; x_wconf 86' lang='lat' dir='ltr'><strong>et</strong></span> <span class='ocrx_word' id='word_1_229' title='bbox 207 2933 279 2996; x_wconf 72' lang='lat' dir='ltr'><strong>Mog.</strong></span> <span class='ocrx_word' id='word_1_230' title='bbox 294 2935 303 2960; x_wconf 80' lang='lat'>⁸</span> <span class='ocrx_word' id='word_1_231' title='bbox 312 2931 371 2981; x_wconf 83' lang='lat' dir='ltr'><strong>binc</strong></span> <span class='ocrx_word' id='word_1_232' title='bbox 380 2931 521 2982; x_wconf 73' lang='lat' dir='ltr'><strong>&#39;romulus</strong></span> <span class='ocrx_word' id='word_1_233' title='bbox 533 2931 598 2995; x_wconf 73' lang='lat' dir='ltr'><strong>legit</strong></span> <span class='ocrx_word' id='word_1_234' title='bbox 609 2937 637 2980; x_wconf 88' lang='lat' dir='ltr'><strong>et</strong></span> <span class='ocrx_word' id='word_1_235' title='bbox 648 2929 800 2994; x_wconf 73' lang='lat' dir='ltr'><strong>distinguit:</strong></span> <span class='ocrx_word' id='word_1_236' title='bbox 819 2931 877 2980; x_wconf 76' lang='lat' dir='ltr'><strong>Tm</strong></span> <span class='ocrx_word' id='word_1_237' title='bbox 886 2945 1036 2996; x_wconf 71' lang='lat' dir='ltr'><strong>paneam</strong></span> <span class='ocrx_word' id='word_1_238' title='bbox 1045 2930 1072 2980; x_wconf 77' lang='lat' dir='ltr'><strong>is</strong></span> <span class='ocrx_word' id='word_1_239' title='bbox 1081 2943 1161 2979; x_wconf 74' lang='lat' dir='ltr'><strong>amore</strong></span> <span class='ocrx_word' id='word_1_240' title='bbox 1170 2931 1266 2992; x_wconf 74' lang='grc' dir='ltr'><strong>σιύίκηι,</strong></span> 
     </span>
     <span class='ocr_line' id='line_1_29' title="bbox 166 2991 1265 3060; baseline -0.002 -16"><span class='ocrx_word' id='word_1_241' title='bbox 166 2992 244 3058; x_wconf 66' lang='lat' dir='ltr'><strong>aaut</strong></span> <span class='ocrx_word' id='word_1_242' title='bbox 260 2997 286 3044; x_wconf 76' lang='lat' dir='ltr'><strong>ia</strong></span> <span class='ocrx_word' id='word_1_243' title='bbox 296 2995 354 3044; x_wconf 82' lang='lat' dir='ltr'><strong>tells</strong></span> <span class='ocrx_word' id='word_1_244' title='bbox 362 2996 465 3056; x_wconf 65' lang='lat' dir='ltr'><strong>gando</strong></span> <span class='ocrx_word' id='word_1_245' title='bbox 475 3009 551 3044; x_wconf 75' lang='lat' dir='ltr'><strong>aem</strong></span> <span class='ocrx_word' id='word_1_246' title='bbox 558 3009 604 3058; x_wconf 81' lang='lat' dir='ltr'><strong>pur</strong></span> <span class='ocrx_word' id='word_1_247' title='bbox 620 2993 670 3054; x_wconf 69' lang='lat' dir='ltr'><strong>das</strong></span> <span class='ocrx_word' id='word_1_248' title='bbox 686 2991 838 3044; x_wconf 71' lang='lat' dir='ltr'><strong>martini</strong></span> <span class='ocrx_word' id='word_1_249' title='bbox 854 2995 915 3060; x_wconf 81' lang='lat' dir='ltr'><strong>qnia</strong></span> <span class='ocrx_word' id='word_1_250' title='bbox 924 2993 1044 3044; x_wconf 81' lang='lat' dir='ltr'><strong>Valerius</strong></span> <span class='ocrx_word' id='word_1_251' title='bbox 1059 3007 1131 3043; x_wconf 88' lang='lat' dir='ltr'><strong>mora</strong></span> <span class='ocrx_word' id='word_1_252' title='bbox 1147 3007 1195 3043; x_wconf 80' lang='lat' dir='ltr'><strong>sno</strong></span> <span class='ocrx_word' id='word_1_253' title='bbox 1214 3007 1265 3043; x_wconf 85' lang='lat' dir='ltr'><strong>non</strong></span> 
     </span>
     <span class='ocr_line' id='line_1_30' title="bbox 167 3056 1265 3122; baseline -0.002 -14"><span class='ocrx_word' id='word_1_254' title='bbox 167 3058 276 3108; x_wconf 79' lang='lat' dir='ltr'><strong>Fabium</strong></span> <span class='ocrx_word' id='word_1_255' title='bbox 286 3065 495 3122; x_wconf 81' lang='lat' dir='ltr'><strong>perseverantem</strong></span> <span class='ocrx_word' id='word_1_256' title='bbox 505 3056 585 3108; x_wconf 80' lang='lat' dir='ltr'><strong>faisse</strong></span> <span class='ocrx_word' id='word_1_257' title='bbox 595 3056 661 3108; x_wconf 89' lang='lat' dir='ltr'><strong>dicit</strong></span> <span class='ocrx_word' id='word_1_258' title='bbox 678 3057 705 3106; x_wconf 89' lang='lat' dir='ltr'><strong>lu</strong></span> <span class='ocrx_word' id='word_1_259' title='bbox 722 3071 809 3108; x_wconf 84' lang='lat' dir='ltr'><strong>amore</strong></span> <span class='ocrx_word' id='word_1_260' title='bbox 829 3057 923 3108; x_wconf 80' lang='lat' dir='ltr'><strong>civium</strong></span> <span class='ocrx_word' id='word_1_261' title='bbox 948 3057 994 3107; x_wconf 84' lang='lat' dir='ltr'><strong>sed</strong></span> <span class='ocrx_word' id='word_1_262' title='bbox 1010 3057 1179 3107; x_wconf 80' lang='lat' dir='ltr'><strong>constantiana</strong></span> <span class='ocrx_word' id='word_1_263' title='bbox 1198 3057 1265 3120; x_wconf 83' lang='lat' dir='ltr'><strong>ejus.</strong></span> 
     </span>
    </p>
   </div>
   <div class='ocr_carea' id='block_1_5' title="bbox 166 3093 1267 3252">
    <p class='ocr_par' dir='ltr' id='par_1_6' title="bbox 166 3093 1267 3252">
     <span class='ocr_line' id='line_1_31' title="bbox 168 3093 1267 3186; baseline -0.002 -14"><span class='ocrx_word' id='word_1_264' title='bbox 168 3121 246 3172; x_wconf 85' lang='lat' dir='ltr'><strong>Hand</strong></span> <span class='ocrx_word' id='word_1_265' title='bbox 267 3135 316 3186; x_wconf 70' lang='lat' dir='ltr'><strong>ego</strong></span> <span class='ocrx_word' id='word_1_266' title='bbox 336 3122 489 3173; x_wconf 59' lang='lat' dir='ltr'><strong>abuuerint?</strong></span> <span class='ocrx_word' id='word_1_267' title='bbox 511 3123 658 3186; x_wconf 63' lang='lat' dir='ltr'><strong>Rapa-ll</strong></span> <span class='ocrx_word' id='word_1_268' title='bbox 682 3120 713 3171; x_wconf 85' lang='lat' dir='ltr'><strong>Pi</strong></span> <span class='ocrx_word' id='word_1_269' title='bbox 748 3121 787 3170; x_wconf 87' lang='lat' dir='ltr'><strong>&#39;ns</strong></span> <span class='ocrx_word' id='word_1_270' title='bbox 806 3135 840 3170; x_wconf 82' lang='lat' dir='ltr'><strong>ex</strong></span> <span class='ocrx_word' id='word_1_271' title='bbox 857 3093 949 3172; x_wconf 74' lang='lat' dir='ltr'><strong>Atrab-</strong></span> <span class='ocrx_word' id='word_1_272' title='bbox 967 3122 1059 3185; x_wconf 75' lang='lat' dir='ltr'><strong>camp.</strong></span> <span class='ocrx_word' id='word_1_273' title='bbox 1077 3127 1106 3170; x_wconf 84' lang='lat' dir='ltr'><strong>et</strong></span> <span class='ocrx_word' id='word_1_274' title='bbox 1122 3121 1181 3171; x_wconf 78' lang='lat' dir='ltr'><strong>Sus.</strong></span> <span class='ocrx_word' id='word_1_275' title='bbox 1202 3121 1267 3185; x_wconf 72' lang='lat' dir='ltr'><strong>legit</strong></span> 
     </span>
     <span class='ocr_line' id='line_1_32' title="bbox 166 3185 1266 3252; baseline 0 -16"><span class='ocrx_word' id='word_1_276' title='bbox 166 3186 257 3249; x_wconf 67' lang='lat' dir='ltr'><strong>speeie:</strong></span> <span class='ocrx_word' id='word_1_277' title='bbox 273 3185 319 3236; x_wconf 83' lang='lat' dir='ltr'><strong>ssd</strong></span> <span class='ocrx_word' id='word_1_278' title='bbox 329 3185 711 3238; x_wconf 68' lang='lat' dir='ltr'><strong>animumanimum</strong></span> <span class='ocrx_word' id='word_1_279' title='bbox 731 3185 1119 3252; x_wconf 80' lang='lat' dir='ltr'><strong>·atqnlndceim&#39;1¹errau.cum</strong></span> <span class='ocrx_word' id='word_1_280' title='bbox 1131 3185 1192 3236; x_wconf 84' lang='lat' dir='ltr'><strong>edd.</strong></span> <span class='ocrx_word' id='word_1_281' title='bbox 1201 3193 1266 3236; x_wconf 79' lang='lat' dir='ltr'><strong>vett.</strong></span> 
     </span>
    </p>
   </div>
   <div class='ocr_carea' id='block_1_6' title="bbox 663 3327 774 3384">
    <p class='ocr_par' dir='ltr' id='par_1_7' title="bbox 663 3327 774 3384">
     <span class='ocr_line' id='line_1_33' title="bbox 663 3327 774 3384; baseline 0.036 -3"><span class='ocrx_word' id='word_1_282' title='bbox 663 3327 774 3384; x_wconf 67' lang='lat' dir='ltr'><strong>riom</strong></span> 
     </span>
    </p>
   </div>
   <div class='ocr_carea' id='block_1_7' title="bbox 168 3439 1268 4256">
    <p class='ocr_par' dir='ltr' id='par_1_8' title="bbox 168 3439 1268 3971">
     <span class='ocr_line' id='line_1_34' title="bbox 200 3439 1266 3510; baseline -0.001 -18"><span class='ocrx_word' id='word_1_283' title='bbox 200 3440 354 3494; x_wconf 68' lang='lat' dir='ltr'><strong>bremam</strong></span> <span class='ocrx_word' id='word_1_284' title='bbox 368 3457 412 3507; x_wconf 75' lang='lat' dir='ltr'><strong>pro</strong></span> <span class='ocrx_word' id='word_1_285' title='bbox 427 3442 539 3509; x_wconf 63' lang='lat' dir='ltr'><strong>ambis]</strong></span> <span class='ocrx_word' id='word_1_286' title='bbox 560 3439 696 3492; x_wconf 81' lang='lat' dir='ltr'><strong>Hanniba·</strong></span> <span class='ocrx_word' id='word_1_287' title='bbox 735 3445 825 3496; x_wconf 86' lang='lat' dir='ltr'><strong>mittat</strong></span> <span class='ocrx_word' id='word_1_288' title='bbox 835 3445 968 3510; x_wconf 66' lang='lat' dir='ltr'><strong>prelium</strong></span> <span class='ocrx_word' id='word_1_289' title='bbox 983 3452 1011 3496; x_wconf 86' lang='lat' dir='ltr'><strong>at</strong></span> <span class='ocrx_word' id='word_1_290' title='bbox 1024 3445 1067 3495; x_wconf 83' lang='lat' dir='ltr'><strong>ille</strong></span> <span class='ocrx_word' id='word_1_291' title='bbox 1080 3458 1173 3510; x_wconf 72' lang='lat' dir='ltr'><strong>pugna</strong></span> <span class='ocrx_word' id='word_1_292' title='bbox 1185 3443 1266 3507; x_wconf 83' lang='lat' dir='ltr'><strong>impa-</strong></span> 
     </span>
     <span class='ocr_line' id='line_1_35' title="bbox 169 3517 1267 3584; baseline 0.001 -18"><span class='ocrx_word' id='word_1_293' title='bbox 169 3517 220 3566; x_wconf 82' lang='lat' dir='ltr'><strong>lem</strong></span> <span class='ocrx_word' id='word_1_294' title='bbox 230 3517 300 3567; x_wconf 81' lang='lat' dir='ltr'><strong>inter</strong></span> <span class='ocrx_word' id='word_1_295' title='bbox 311 3526 339 3568; x_wconf 84' lang='lat' dir='ltr'><strong>at</strong></span> <span class='ocrx_word' id='word_1_296' title='bbox 351 3519 461 3570; x_wconf 76' lang='lat' dir='ltr'><strong>Fabium</strong></span> <span class='ocrx_word' id='word_1_297' title='bbox 472 3519 506 3572; x_wconf 86' lang='lat' dir='ltr'><strong>de</strong></span> <span class='ocrx_word' id='word_1_298' title='bbox 516 3517 628 3584; x_wconf 79' lang='lat' dir='ltr'><strong>captivis</strong></span> <span class='ocrx_word' id='word_1_299' title='bbox 639 3532 697 3583; x_wconf 88' lang='lat' dir='ltr'><strong>per·</strong></span> <span class='ocrx_word' id='word_1_300' title='bbox 737 3522 805 3572; x_wconf 86' lang='lat' dir='ltr'><strong>tiana</strong></span> <span class='ocrx_word' id='word_1_301' title='bbox 832 3521 988 3574; x_wconf 75' lang='lat' dir='ltr'><strong>Hannibalis</strong></span> <span class='ocrx_word' id='word_1_302' title='bbox 1015 3521 1104 3584; x_wconf 84' lang='lat' dir='ltr'><strong>coplas</strong></span> <span class='ocrx_word' id='word_1_303' title='bbox 1130 3533 1267 3583; x_wconf 73' lang='lat' dir='ltr'><strong>aggressus</strong></span> 
     </span>
     <span class='ocr_line' id='line_1_36' title="bbox 169 3593 1267 3659; baseline 0 -16"><span class='ocrx_word' id='word_1_304' title='bbox 169 3595 299 3644; x_wconf 71' lang='lat' dir='ltr'><strong>monadis</strong></span> <span class='ocrx_word' id='word_1_305' title='bbox 316 3600 490 3656; x_wconf 54' lang='lat' dir='ltr'><strong>conveneram</strong></span> <span class='ocrx_word' id='word_1_306' title='bbox 506 3601 535 3646; x_wconf 85' lang='lat' dir='ltr'><strong>at</strong></span> <span class='ocrx_word' id='word_1_307' title='bbox 550 3593 698 3659; x_wconf 78' lang='lat' dir='ltr'><strong>pactionem</strong></span> <span class='ocrx_word' id='word_1_308' title='bbox 739 3611 785 3652; x_wconf 82' lang='lat' dir='ltr'><strong>sex</strong></span> <span class='ocrx_word' id='word_1_309' title='bbox 795 3597 907 3647; x_wconf 86' lang='lat' dir='ltr'><strong>bostium</strong></span> <span class='ocrx_word' id='word_1_310' title='bbox 919 3597 998 3646; x_wconf 82' lang='lat' dir='ltr'><strong>millia</strong></span> <span class='ocrx_word' id='word_1_311' title='bbox 1012 3594 1125 3646; x_wconf 83' lang='lat' dir='ltr'><strong>cecidit:</strong></span> <span class='ocrx_word' id='word_1_312' title='bbox 1142 3593 1211 3659; x_wconf 86' lang='lat' dir='ltr'><strong>qnod</strong></span> <span class='ocrx_word' id='word_1_313' title='bbox 1223 3594 1267 3644; x_wconf 88' lang='lat' dir='ltr'><strong>ubi</strong></span> 
     </span>
     <span class='ocr_line' id='line_1_37' title="bbox 168 3669 1266 3737; baseline -0.001 -18"><span class='ocrx_word' id='word_1_314' title='bbox 168 3671 625 3737; x_wconf 70' lang='lat' dir='ltr'><strong>rabamonterlmprcbaritsenatns.</strong></span> <span class='ocrx_word' id='word_1_315' title='bbox 650 3672 698 3722; x_wconf 75' lang='lat'><strong>1²2-</strong></span> <span class='ocrx_word' id='word_1_316' title='bbox 738 3672 960 3723; x_wconf 80' lang='lat' dir='ltr'><strong>Romamnllatum</strong></span> <span class='ocrx_word' id='word_1_317' title='bbox 968 3677 1112 3734; x_wconf 60' lang='lat' dir='ltr'><strong>antemnas</strong></span> <span class='ocrx_word' id='word_1_318' title='bbox 1123 3669 1266 3720; x_wconf 76' lang='lat' dir='ltr'><strong>Minucium</strong></span> 
     </span>
     <span class='ocr_line' id='line_1_38' title="bbox 169 3745 1268 3814; baseline -0.002 -17"><span class='ocrx_word' id='word_1_319' title='bbox 169 3745 228 3797; x_wconf 85' lang='lat' dir='ltr'><strong>blm</strong></span> <span class='ocrx_word' id='word_1_320' title='bbox 245 3746 355 3799; x_wconf 85' lang='lat' dir='ltr'><strong>Romam</strong></span> <span class='ocrx_word' id='word_1_321' title='bbox 365 3748 446 3799; x_wconf 85' lang='lat' dir='ltr'><strong>fllium</strong></span> <span class='ocrx_word' id='word_1_322' title='bbox 457 3749 536 3812; x_wconf 84' lang='lat' dir='ltr'><strong>misit,</strong></span> <span class='ocrx_word' id='word_1_323' title='bbox 552 3748 597 3814; x_wconf 87' lang='lat' dir='ltr'><strong>qui</strong></span> <span class='ocrx_word' id='word_1_324' title='bbox 608 3761 699 3811; x_wconf 71' lang='lat' dir='ltr'><strong>aarum</strong></span> <span class='ocrx_word' id='word_1_325' title='bbox 738 3753 772 3804; x_wconf 84' lang='lat' dir='ltr'><strong>sd</strong></span> <span class='ocrx_word' id='word_1_326' title='bbox 781 3753 875 3804; x_wconf 82' lang='lat' dir='ltr'><strong>coelum</strong></span> <span class='ocrx_word' id='word_1_327' title='bbox 890 3749 995 3813; x_wconf 83' lang='lat' dir='ltr'><strong>eli&#39;erre,</strong></span> <span class='ocrx_word' id='word_1_328' title='bbox 1009 3749 1117 3799; x_wconf 73' lang='lat' dir='ltr'><strong>lisbium</strong></span> <span class='ocrx_word' id='word_1_329' title='bbox 1137 3761 1200 3798; x_wconf 82' lang='lat' dir='ltr'><strong>raro</strong></span> <span class='ocrx_word' id='word_1_330' title='bbox 1211 3759 1268 3796; x_wconf 83' lang='lat' dir='ltr'><strong>car·</strong></span> 
     </span>
     <span class='ocr_line' id='line_1_39' title="bbox 169 3821 1268 3897; baseline -0.007 -27"><span class='ocrx_word' id='word_1_331' title='bbox 169 3835 243 3871; x_wconf 88' lang='lat' dir='ltr'><strong>annm</strong></span> <span class='ocrx_word' id='word_1_332' title='bbox 264 3823 401 3886; x_wconf 78' lang='lat' dir='ltr'><strong>venderet,</strong></span> <span class='ocrx_word' id='word_1_333' title='bbox 424 3823 588 3888; x_wconf 82' lang='lat' dir='ltr'><strong>pretiumque</strong></span> <span class='ocrx_word' id='word_1_334' title='bbox 614 3821 648 3872; x_wconf 82' lang='lat' dir='ltr'><strong>ed</strong></span> <span class='ocrx_word' id='word_1_335' title='bbox 667 3835 696 3872; x_wconf 83' lang='lat' dir='ltr'><strong>se</strong></span> <span class='ocrx_word' id='word_1_336' title='bbox 738 3845 818 3897; x_wconf 57' lang='lat' dir='ltr'><strong>pem</strong></span> <span class='ocrx_word' id='word_1_337' title='bbox 841 3837 870 3880; x_wconf 69' lang='lat'><strong>02</strong></span> <span class='ocrx_word' id='word_1_338' title='bbox 887 3835 981 3894; x_wconf 61' lang='lat' dir='ltr'><strong>,gam</strong></span> <span class='ocrx_word' id='word_1_339' title='bbox 996 3826 1107 3876; x_wconf 57' lang='lat' dir='ltr'><strong>Mesena</strong></span> <span class='ocrx_word' id='word_1_340' title='bbox 1121 3823 1196 3874; x_wconf 71' lang='grc' dir='ltr'>τήι),</span> <span class='ocrx_word' id='word_1_341' title='bbox 1213 3824 1268 3888; x_wconf 69' lang='lat'><strong>910.</strong></span> 
     </span>
     <span class='ocr_line' id='line_1_40' title="bbox 168 3895 1268 3971; baseline -0.015 -6"><span class='ocrx_word' id='word_1_342' title='bbox 168 3895 297 3950; x_wconf 55' lang='lat' dir='ltr'><strong>mileti</strong></span> <span class='ocrx_word' id='word_1_343' title='bbox 315 3898 384 3965; x_wconf 66' lang='lat' dir='ltr'><strong>‘liwd</strong></span> <span class='ocrx_word' id='word_1_344' title='bbox 395 3899 577 3963; x_wconf 55' lang='lat' dir='ltr'><strong>illeliliumi-</strong></span> <span class='ocrx_word' id='word_1_345' title='bbox 737 3905 981 3971; x_wconf 81' lang='lat' dir='ltr'><strong>bis,inritolteuatu</strong></span> <span class='ocrx_word' id='word_1_346' title='bbox 991 3901 1158 3967; x_wconf 82' lang='lat' dir='ltr'><strong>plebiscitum</strong></span> <span class='ocrx_word' id='word_1_347' title='bbox 1168 3897 1268 3950; x_wconf 80' lang='lat' dir='ltr'><strong>factum</strong></span> 
     </span>
    </p>

    <p class='ocr_par' dir='ltr' id='par_1_9' title="bbox 168 3972 1268 4256">
     <span class='ocr_line' id='line_1_41' title="bbox 201 3972 1267 4048; baseline -0.016 -7"><span class='ocrx_word' id='word_1_348' title='bbox 201 3972 476 4040; x_wconf 55' lang='lat' dir='ltr'><strong>‘W‘WWJ</strong></span> <span class='ocrx_word' id='word_1_349' title='bbox 502 3975 698 4036; x_wconf 64' lang='lat' dir='ltr'><strong>N⁰¹¹⁸⁰¹³⁸i¹¹⁸s</strong></span> <span class='ocrx_word' id='word_1_350' title='bbox 739 3990 790 4048; x_wconf 81' lang='lat' dir='ltr'><strong>est,</strong></span> <span class='ocrx_word' id='word_1_351' title='bbox 805 3997 857 4048; x_wconf 83' lang='lat' dir='ltr'><strong>quo</strong></span> <span class='ocrx_word' id='word_1_352' title='bbox 873 3982 917 4046; x_wconf 84' lang='lat' dir='ltr'><strong>jus</strong></span> <span class='ocrx_word' id='word_1_353' title='bbox 928 3976 1051 4043; x_wconf 73' lang='lat' dir='ltr'><strong>Magistri</strong></span> <span class='ocrx_word' id='word_1_354' title='bbox 1067 3975 1192 4042; x_wconf 81' lang='lat' dir='ltr'><strong>Equitum</strong></span> <span class='ocrx_word' id='word_1_355' title='bbox 1208 3989 1267 4024; x_wconf 89' lang='lat' dir='ltr'><strong>cum</strong></span> 
     </span>
     <span class='ocr_line' id='line_1_42' title="bbox 168 4047 1268 4124; baseline -0.01 -9"><span class='ocrx_word' id='word_1_356' title='bbox 168 4047 344 4115; x_wconf 61' lang='lat' dir='ltr'><strong>&#39;‘dlwliisslib</strong></span> <span class='ocrx_word' id='word_1_357' title='bbox 377 4050 558 4102; x_wconf 73' lang='lat' dir='ltr'><strong>R⁰m⁸⁰¹d¹¹¹¹¹</strong></span> <span class='ocrx_word' id='word_1_358' title='bbox 569 4048 700 4100; x_wconf 60' lang='grc' dir='ltr'>Νᾶῑῐῖῑ·</span> <span class='ocrx_word' id='word_1_359' title='bbox 732 4054 951 4124; x_wconf 86' lang='lat' dir='ltr'><strong>juraDictatorls</strong></span> <span class='ocrx_word' id='word_1_360' title='bbox 968 4058 1123 4119; x_wconf 79' lang='lat' dir='ltr'><strong>sequeretur.</strong></span> <span class='ocrx_word' id='word_1_361' title='bbox 1156 4051 1199 4106; x_wconf 76' lang='lat' dir='ltr'><strong>rt·</strong></span> <span class='ocrx_word' id='word_1_362' title='bbox 1211 4050 1268 4106; x_wconf 79' lang='lat' dir='ltr'><strong>tu.</strong></span> 
     </span>
     <span class='ocr_line' id='line_1_43' title="bbox 169 4123 1128 4192; baseline 0.009 -21"><span class='ocrx_word' id='word_1_363' title='bbox 169 4123 238 4187; x_wconf 84' lang='lat' dir='ltr'><strong>bins,</strong></span> <span class='ocrx_word' id='word_1_364' title='bbox 248 4125 343 4177; x_wconf 82' lang='lat' dir='ltr'><strong>obnixa</strong></span> <span class='ocrx_word' id='word_1_365' title='bbox 354 4135 476 4192; x_wconf 84' lang='lat' dir='ltr'><strong>praeatus</strong></span> <span class='ocrx_word' id='word_1_366' title='bbox 492 4133 532 4177; x_wconf 83' lang='lat' dir='ltr'><strong>art</strong></span> <span class='ocrx_word' id='word_1_367' title='bbox 542 4125 698 4189; x_wconf 80' lang='lat' dir='ltr'><strong>Minucium,</strong></span> <span class='ocrx_word' id='word_1_368' title='bbox 738 4135 905 4189; x_wconf 72' lang='lat' dir='ltr'><strong>rib,1111.et</strong></span> <span class='ocrx_word' id='word_1_369' title='bbox 917 4130 990 4184; x_wconf 81' lang='lat' dir='ltr'><strong>Plut.</strong></span> <span class='ocrx_word' id='word_1_370' title='bbox 1002 4129 1029 4180; x_wconf 89' lang='lat' dir='ltr'><strong>in</strong></span> <span class='ocrx_word' id='word_1_371' title='bbox 1039 4127 1128 4182; x_wconf 79' lang='lat' dir='ltr'><strong>Fabio.</strong></span> 
     </span>
     <span class='ocr_line' id='line_1_44' title="bbox 170 4201 697 4256; baseline 0.008 -6"><span class='ocrx_word' id='word_1_372' title='bbox 170 4211 203 4250; x_wconf 86' lang='lat' dir='ltr'><strong>ne</strong></span> <span class='ocrx_word' id='word_1_373' title='bbox 214 4214 243 4252; x_wconf 83' lang='lat' dir='ltr'><strong>re</strong></span> <span class='ocrx_word' id='word_1_374' title='bbox 260 4201 367 4255; x_wconf 82' lang='lat' dir='ltr'><strong>absente</strong></span> <span class='ocrx_word' id='word_1_375' title='bbox 384 4219 442 4256; x_wconf 80' lang='lat' dir='ltr'><strong>cum</strong></span> <span class='ocrx_word' id='word_1_376' title='bbox 463 4202 612 4256; x_wconf 79' lang='lat' dir='ltr'><strong>Hannibale</strong></span> <span class='ocrx_word' id='word_1_377' title='bbox 628 4215 697 4254; x_wconf 83' lang='lat' dir='ltr'><strong>com·</strong></span> 
     </span>
    </p>
   </div>
   <div class='ocr_carea' id='block_1_8' title="bbox 0 0 1543 4892">
    <p class='ocr_par' dir='ltr' id='par_1_10' title="bbox 0 0 1543 4892">
     <span class='ocr_line' id='line_1_45' title="bbox 0 0 1543 4892; baseline 0 0"><span class='ocrx_word' id='word_1_378' title='bbox 0 0 1543 4892; x_wconf 95' lang='lat' dir='ltr'><strong> </strong></span> 
     </span>
    </p>
   </div>
  </div>
 </body>
</html>
