<?xml version="1.0" encoding="UTF-8"?>
<!DOCTYPE html PUBLIC "-//W3C//DTD XHTML 1.0 Transitional//EN"
    "http://www.w3.org/TR/xhtml1/DTD/xhtml1-transitional.dtd">
<html xmlns="http://www.w3.org/1999/xhtml" xml:lang="en" lang="en">
 <head>
  <title>
</title>
<meta http-equiv="Content-Type" content="text/html;charset=utf-8" />
  <meta name='ocr-system' content='tesseract 3.04.00' />
  <meta name='ocr-capabilities' content='ocr_page ocr_carea ocr_par ocr_line ocrx_word'/>
</head>
<body>
  <div class='ocr_page' id='page_1' title='image "./factorumdictoru00maxigoog_0286.png"; bbox 0 0 3126 4902; ppageno 0'>
   <div class='ocr_carea' id='block_1_1' title="bbox 410 371 1312 448">
    <p class='ocr_par' dir='ltr' id='par_1_1' title="bbox 410 371 1312 448">
     <span class='ocr_line' id='line_1_1' title="bbox 410 371 1312 448; baseline 0.01 -9"><span class='ocrx_word' id='word_1_1' title='bbox 410 391 492 440; x_wconf 77' lang='lat' dir='ltr'><strong>oar.</strong></span> <span class='ocrx_word' id='word_1_2' title='bbox 507 391 557 439; x_wconf 78' lang='lat' dir='ltr'><strong>vr.</strong></span> <span class='ocrx_word' id='word_1_3' title='bbox 581 392 630 440; x_wconf 85' lang='lat' dir='ltr'><strong>nn</strong></span> <span class='ocrx_word' id='word_1_4' title='bbox 654 371 855 440; x_wconf 78' lang='lat' dir='ltr'><strong>nxrnnnrs‘</strong></span> <span class='ocrx_word' id='word_1_5' title='bbox 872 391 1101 444; x_wconf 81' lang='lat' dir='ltr'><strong>rnerrrorrs.</strong></span> <span class='ocrx_word' id='word_1_6' title='bbox 1240 381 1312 448; x_wconf 71' lang='lat'><strong>273</strong></span> 
     </span>
    </p>
   </div>
   <div class='ocr_carea' id='block_1_2' title="bbox 206 533 1313 2148">
    <p class='ocr_par' dir='ltr' id='par_1_2' title="bbox 206 533 1310 1537">
     <span class='ocr_line' id='line_1_2' title="bbox 207 533 1306 622; baseline 0.005 -22"><span class='ocrx_word' id='word_1_7' title='bbox 207 555 274 600; x_wconf 83' lang='lat' dir='ltr'><strong>rem</strong></span> <span class='ocrx_word' id='word_1_8' title='bbox 292 533 365 600; x_wconf 87' lang='lat' dir='ltr'><strong>sive</strong></span> <span class='ocrx_word' id='word_1_9' title='bbox 376 542 403 582; x_wconf 81' lang='lat'><strong>¹⁴</strong></span> <span class='ocrx_word' id='word_1_10' title='bbox 423 551 605 619; x_wconf 86' lang='lat' dir='ltr'><strong>personum</strong></span> <span class='ocrx_word' id='word_1_11' title='bbox 616 534 738 600; x_wconf 82' lang='lat' dir='ltr'><strong>intueri</strong></span> <span class='ocrx_word' id='word_1_12' title='bbox 752 533 851 600; x_wconf 88' lang='lat' dir='ltr'><strong>velis.</strong></span> <span class='ocrx_word' id='word_1_13' title='bbox 897 535 987 600; x_wconf 82' lang='lat' dir='ltr'><strong>Nem</strong></span> <span class='ocrx_word' id='word_1_14' title='bbox 1002 542 1035 602; x_wconf 87' lang='lat' dir='ltr'><strong>et</strong></span> <span class='ocrx_word' id='word_1_15' title='bbox 1049 537 1181 604; x_wconf 82' lang='lat' dir='ltr'><strong>virtutis</strong></span> <span class='ocrx_word' id='word_1_16' title='bbox 1207 539 1306 622; x_wconf 79' lang='lat' dir='ltr'><strong>uber·-</strong></span> 
     </span>
     <span class='ocr_line' id='line_1_3' title="bbox 206 636 1305 730; baseline 0.004 -28"><span class='ocrx_word' id='word_1_17' title='bbox 206 640 326 708; x_wconf 83' lang='lat' dir='ltr'><strong>rimum</strong></span> <span class='ocrx_word' id='word_1_18' title='bbox 350 638 542 702; x_wconf 78' lang='lat' dir='ltr'>alimentum</span> <span class='ocrx_word' id='word_1_19' title='bbox 567 645 620 702; x_wconf 86' lang='lat' dir='ltr'><strong>est</strong></span> <span class='ocrx_word' id='word_1_20' title='bbox 640 637 766 716; x_wconf 80' lang='lat' dir='ltr'><strong>honos3</strong></span> <span class='ocrx_word' id='word_1_21' title='bbox 789 643 821 702; x_wconf 90' lang='lat' dir='ltr'><strong>et</strong></span> <span class='ocrx_word' id='word_1_22' title='bbox 851 636 1015 703; x_wconf 72' lang='lat' dir='ltr'><strong>Periclest&#39;</strong></span> <span class='ocrx_word' id='word_1_23' title='bbox 1038 638 1170 721; x_wconf 77' lang='lat' dir='ltr'><strong>diguus,</strong></span> <span class='ocrx_word' id='word_1_24' title='bbox 1197 660 1305 730; x_wconf 86' lang='lat' dir='ltr'><strong>uqeo</strong></span> 
     </span>
     <span class='ocr_line' id='line_1_4' title="bbox 208 739 1307 822; baseline 0.005 -16"><span class='ocrx_word' id='word_1_25' title='bbox 208 741 286 806; x_wconf 84' lang='lat' dir='ltr'><strong>totis</strong></span> <span class='ocrx_word' id='word_1_26' title='bbox 308 741 454 803; x_wconf 86' lang='lat' dir='ltr'><strong>muneris</strong></span> <span class='ocrx_word' id='word_1_27' title='bbox 476 739 578 803; x_wconf 82' lang='lat' dir='ltr'><strong>dandi</strong></span> <span class='ocrx_word' id='word_1_28' title='bbox 600 740 820 822; x_wconf 84' lang='lat' dir='ltr'><strong>posteritas¹⁵</strong></span> <span class='ocrx_word' id='word_1_29' title='bbox 851 739 1068 822; x_wconf 83' lang='lat' dir='ltr'><strong>potissimum</strong></span> <span class='ocrx_word' id='word_1_30' title='bbox 1096 742 1229 810; x_wconf 87' lang='lat' dir='ltr'><strong>initium</strong></span> <span class='ocrx_word' id='word_1_31' title='bbox 1250 764 1307 810; x_wconf 84' lang='lat' dir='ltr'><strong>ca·</strong></span> 
     </span>
     <span class='ocr_line' id='line_1_5' title="bbox 207 850 738 926; baseline -0.006 -19"><span class='ocrx_word' id='word_1_32' title='bbox 207 850 313 926; x_wconf 86' lang='lat' dir='ltr'><strong>peret.</strong></span> <span class='ocrx_word' id='word_1_33' title='bbox 737 900 738 904; x_wconf 75' lang='grc'>,</span> 
     </span>
     <span class='ocr_line' id='line_1_6' title="bbox 250 940 1308 1027; baseline 0.005 -20"><span class='ocrx_word' id='word_1_34' title='bbox 250 943 282 1007; x_wconf 82' lang='grc'><strong>6.</strong></span> <span class='ocrx_word' id='word_1_35' title='bbox 305 941 394 1025; x_wconf 83' lang='lat' dir='ltr'><strong>Age,</strong></span> <span class='ocrx_word' id='word_1_36' title='bbox 409 941 490 1025; x_wconf 85' lang='lat' dir='ltr'><strong>quid</strong></span> <span class='ocrx_word' id='word_1_37' title='bbox 505 941 589 1006; x_wconf 90' lang='lat' dir='ltr'><strong>illud</strong></span> <span class='ocrx_word' id='word_1_38' title='bbox 603 940 792 1006; x_wconf 85' lang='lat' dir='ltr'><strong>institutum</strong></span> <span class='ocrx_word' id='word_1_39' title='bbox 806 941 1019 1020; x_wconf 75' lang='lat' dir='ltr'><strong>Athenarum,</strong></span> <span class='ocrx_word' id='word_1_40' title='bbox 1034 963 1134 1027; x_wconf 85' lang='lat' dir='ltr'><strong>quam</strong></span> <span class='ocrx_word' id='word_1_41' title='bbox 1148 967 1308 1018; x_wconf 79' lang='lat' dir='ltr'><strong>memoru-</strong></span> 
     </span>
     <span class='ocr_line' id='line_1_7' title="bbox 208 1044 1308 1132; baseline 0.007 -22"><span class='ocrx_word' id='word_1_42' title='bbox 208 1045 296 1110; x_wconf 84' lang='lat' dir='ltr'><strong>hilet</strong></span> <span class='ocrx_word' id='word_1_43' title='bbox 320 1045 411 1129; x_wconf 86' lang='lat' dir='ltr'><strong>qnod</strong></span> <span class='ocrx_word' id='word_1_44' title='bbox 426 1045 602 1110; x_wconf 82' lang='lat' dir='ltr'><strong>convietus</strong></span> <span class='ocrx_word' id='word_1_45' title='bbox 617 1063 639 1108; x_wconf 86' lang='lat' dir='ltr'><strong>a</strong></span> <span class='ocrx_word' id='word_1_46' title='bbox 652 1052 797 1128; x_wconf 81' lang='lat' dir='ltr'><strong>petrono</strong></span> <span class='ocrx_word' id='word_1_47' title='bbox 809 1045 951 1110; x_wconf 87' lang='lat' dir='ltr'><strong>libertus</strong></span> <span class='ocrx_word' id='word_1_48' title='bbox 976 1044 1150 1126; x_wconf 64' lang='lat' dir='ltr'><strong>ingratus¹⁸</strong></span> <span class='ocrx_word' id='word_1_49' title='bbox 1167 1049 1243 1132; x_wconf 89' lang='lat' dir='ltr'><strong>jure</strong></span> <span class='ocrx_word' id='word_1_50' title='bbox 1267 1053 1308 1118; x_wconf 70' lang='grc' dir='ltr'><strong>1ἰὸ</strong></span> 
     </span>
     <span class='ocr_line' id='line_1_8' title="bbox 208 1146 1309 1230; baseline 0.005 -17"><span class='ocrx_word' id='word_1_51' title='bbox 208 1149 350 1213; x_wconf 87' lang='lat' dir='ltr'><strong>hertutis</strong></span> <span class='ocrx_word' id='word_1_52' title='bbox 366 1149 509 1212; x_wconf 83' lang='lat' dir='ltr'><strong>exuitur.</strong></span> <span class='ocrx_word' id='word_1_53' title='bbox 555 1147 789 1230; x_wconf 82' lang='lat' dir='ltr'><strong>‘Supersedeo</strong></span> <span class='ocrx_word' id='word_1_54' title='bbox 812 1146 868 1226; x_wconf 88' lang='lat' dir='ltr'><strong>te,&#39;</strong></span> <span class='ocrx_word' id='word_1_55' title='bbox 889 1148 1010 1230; x_wconf 89' lang='lat' dir='ltr'><strong>iuquit,</strong></span> <span class='ocrx_word' id='word_1_56' title='bbox 1031 1149 1177 1220; x_wconf 81' lang='lat' dir='ltr'><strong>‘hahere</strong></span> <span class='ocrx_word' id='word_1_57' title='bbox 1200 1152 1309 1218; x_wconf 84' lang='lat' dir='ltr'><strong>civem</strong></span> 
     </span>
     <span class='ocr_line' id='line_1_9' title="bbox 209 1250 1309 1337; baseline 0.004 -21"><span class='ocrx_word' id='word_1_58' title='bbox 209 1251 292 1316; x_wconf 77' lang='lat' dir='ltr'><strong>tenti</strong></span> <span class='ocrx_word' id='word_1_59' title='bbox 306 1251 453 1316; x_wconf 87' lang='lat' dir='ltr'><strong>muneris</strong></span> <span class='ocrx_word' id='word_1_60' title='bbox 477 1251 617 1333; x_wconf 90' lang='lat' dir='ltr'><strong>impium</strong></span> <span class='ocrx_word' id='word_1_61' title='bbox 640 1251 887 1315; x_wconf 73' lang='lat' dir='ltr'><strong>aestimatorem.</strong></span> <span class='ocrx_word' id='word_1_62' title='bbox 931 1250 1005 1316; x_wconf 88' lang='lat' dir='ltr'><strong>Nee</strong></span> <span class='ocrx_word' id='word_1_63' title='bbox 1021 1250 1144 1316; x_wconf 80' lang='lat' dir='ltr'>adduci</span> <span class='ocrx_word' id='word_1_64' title='bbox 1158 1273 1309 1337; x_wconf 87' lang='lat' dir='ltr'><strong>possum,</strong></span> 
     </span>
     <span class='ocr_line' id='line_1_10' title="bbox 209 1349 1310 1440; baseline 0.004 -24"><span class='ocrx_word' id='word_1_65' title='bbox 209 1357 248 1417; x_wconf 89' lang='lat' dir='ltr'><strong>nt</strong></span> <span class='ocrx_word' id='word_1_66' title='bbox 262 1353 395 1417; x_wconf 84' lang='lat' dir='ltr'><strong>credam</strong></span> <span class='ocrx_word' id='word_1_67' title='bbox 408 1351 484 1416; x_wconf 87' lang='lat' dir='ltr'><strong>urbi</strong></span> <span class='ocrx_word' id='word_1_68' title='bbox 499 1350 625 1428; x_wconf 89' lang='lat' dir='ltr'><strong>utitem,</strong></span> <span class='ocrx_word' id='word_1_69' title='bbox 638 1371 737 1434; x_wconf 88' lang='lat' dir='ltr'><strong>quem</strong></span> <span class='ocrx_word' id='word_1_70' title='bbox 751 1351 865 1416; x_wconf 90' lang='lat' dir='ltr'><strong>domni</strong></span> <span class='ocrx_word' id='word_1_71' title='bbox 875 1349 904 1396; x_wconf 83' lang='lat'><strong>¹⁶·</strong></span> <span class='ocrx_word' id='word_1_72' title='bbox 925 1353 1106 1418; x_wconf 83' lang='lat' dir='ltr'><strong>scelestum</strong></span> <span class='ocrx_word' id='word_1_73' title='bbox 1118 1371 1238 1440; x_wconf 82' lang='lat' dir='ltr'><strong>earne:</strong></span> <span class='ocrx_word' id='word_1_74' title='bbox 1254 1356 1310 1422; x_wconf 88' lang='lat' dir='ltr'><strong>ubi</strong></span> 
     </span>
     <span class='ocr_line' id='line_1_11' title="bbox 210 1453 1123 1537; baseline 0.002 -19"><span class='ocrx_word' id='word_1_75' title='bbox 210 1455 310 1537; x_wconf 85' lang='lat' dir='ltr'><strong>igitur</strong></span> <span class='ocrx_word' id='word_1_76' title='bbox 324 1461 358 1518; x_wconf 91' lang='lat' dir='ltr'><strong>et</strong></span> <span class='ocrx_word' id='word_1_77' title='bbox 369 1459 442 1518; x_wconf 86' lang='lat' dir='ltr'><strong>esto</strong></span> <span class='ocrx_word' id='word_1_78' title='bbox 458 1469 587 1530; x_wconf 86' lang='lat' dir='ltr'><strong>servus,</strong></span> <span class='ocrx_word' id='word_1_79' title='bbox 602 1453 757 1536; x_wconf 83' lang='lat' dir='ltr'><strong>qnoniam</strong></span> <span class='ocrx_word' id='word_1_80' title='bbox 771 1453 859 1518; x_wconf 88' lang='lat' dir='ltr'><strong>liber</strong></span> <span class='ocrx_word' id='word_1_81' title='bbox 873 1472 949 1520; x_wconf 87' lang='lat' dir='ltr'><strong>esse</strong></span> <span class='ocrx_word' id='word_1_82' title='bbox 962 1455 1123 1520; x_wconf 62' lang='lat' dir='ltr'><strong>nescisti?</strong></span> 
     </span>
    </p>

    <p class='ocr_par' dir='ltr' id='par_1_3' title="bbox 209 1551 1313 2148">
     <span class='ocr_line' id='line_1_12' title="bbox 251 1551 1311 1642; baseline 0.003 -22"><span class='ocrx_word' id='word_1_83' title='bbox 251 1557 282 1620; x_wconf 87' lang='grc'><strong>7.</strong></span> <span class='ocrx_word' id='word_1_84' title='bbox 307 1553 392 1618; x_wconf 91' lang='lat' dir='ltr'><strong>Inde</strong></span> <span class='ocrx_word' id='word_1_85' title='bbox 420 1551 670 1619; x_wconf 81' lang='lat' dir='ltr'><strong>Massilienseu¹</strong></span> <span class='ocrx_word' id='word_1_86' title='bbox 691 1574 826 1640; x_wconf 87' lang='lat' dir='ltr'><strong>quoque</strong></span> <span class='ocrx_word' id='word_1_87' title='bbox 842 1556 887 1621; x_wconf 88' lang='lat' dir='ltr'><strong>ud</strong></span> <span class='ocrx_word' id='word_1_88' title='bbox 902 1555 977 1621; x_wconf 63' lang='lat' dir='ltr'><strong>hoe·</strong></span> <span class='ocrx_word' id='word_1_89' title='bbox 994 1562 1125 1640; x_wconf 87' lang='lat' dir='ltr'><strong>tompus</strong></span> <span class='ocrx_word' id='word_1_90' title='bbox 1149 1567 1311 1642; x_wconf 78' lang='lat' dir='ltr'><strong>usurpent</strong></span> 
     </span>
     <span class='ocr_line' id='line_1_13' title="bbox 209 1655 1310 1742; baseline 0.003 -20"><span class='ocrx_word' id='word_1_91' title='bbox 209 1655 398 1740; x_wconf 81' lang='lat' dir='ltr'><strong>disciplinae</strong></span> <span class='ocrx_word' id='word_1_92' title='bbox 414 1655 622 1739; x_wconf 80' lang='lat' dir='ltr'><strong>gravitatem,</strong></span> <span class='ocrx_word' id='word_1_93' title='bbox 636 1657 740 1742; x_wconf 86' lang='lat' dir='ltr'><strong>prisei</strong></span> <span class='ocrx_word' id='word_1_94' title='bbox 760 1660 864 1724; x_wconf 87' lang='lat' dir='ltr'><strong>moris</strong></span> <span class='ocrx_word' id='word_1_95' title='bbox 875 1665 899 1708; x_wconf 84' lang='lat'><strong>¹⁷</strong></span> <span class='ocrx_word' id='word_1_96' title='bbox 922 1659 1148 1738; x_wconf 80' lang='lat' dir='ltr'><strong>observantie,</strong></span> <span class='ocrx_word' id='word_1_97' title='bbox 1171 1662 1310 1728; x_wconf 79' lang='lat' dir='ltr'><strong>ueritate</strong></span> 
     </span>
     <span class='ocr_line' id='line_1_14' title="bbox 211 1757 1311 1846; baseline 0.004 -24"><span class='ocrx_word' id='word_1_98' title='bbox 211 1759 330 1842; x_wconf 89' lang='lat' dir='ltr'><strong>populi</strong></span> <span class='ocrx_word' id='word_1_99' title='bbox 356 1757 504 1822; x_wconf 85' lang='lat' dir='ltr'><strong>Romani</strong></span> <span class='ocrx_word' id='word_1_100' title='bbox 522 1759 698 1842; x_wconf 72' lang='lat' dir='ltr'><strong>praecipue</strong></span> <span class='ocrx_word' id='word_1_101' title='bbox 722 1760 920 1844; x_wconf 72' lang='lat' dir='ltr'><strong>conspicui,</strong></span> <span class='ocrx_word' id='word_1_102' title='bbox 941 1761 1000 1846; x_wconf 90' lang='lat' dir='ltr'><strong>qui</strong></span> <span class='ocrx_word' id='word_1_103' title='bbox 1029 1769 1099 1826; x_wconf 87' lang='lat' dir='ltr'><strong>tres</strong></span> <span class='ocrx_word' id='word_1_104' title='bbox 1128 1761 1162 1828; x_wconf 86' lang='lat' dir='ltr'><strong>iu</strong></span> <span class='ocrx_word' id='word_1_105' title='bbox 1188 1762 1311 1830; x_wconf 86' lang='lat' dir='ltr'><strong>eodem</strong></span> 
     </span>
     <span class='ocr_line' id='line_1_15' title="bbox 211 1859 1313 1948; baseline 0.007 -24"><span class='ocrx_word' id='word_1_106' title='bbox 211 1859 493 1924; x_wconf 80' lang='lat' dir='ltr'><strong>manumissiones</strong></span> <span class='ocrx_word' id='word_1_107' title='bbox 508 1859 656 1924; x_wconf 82' lang='lat' dir='ltr'><strong>rescindi</strong></span> <span class='ocrx_word' id='word_1_108' title='bbox 669 1861 873 1943; x_wconf 88' lang='lat' dir='ltr'><strong>permittunt,</strong></span> <span class='ocrx_word' id='word_1_109' title='bbox 889 1861 919 1926; x_wconf 86' lang='lat' dir='ltr'><strong>ei</strong></span> <span class='ocrx_word' id='word_1_110' title='bbox 935 1868 985 1928; x_wconf 84' lang='lat' dir='ltr'><strong>ter</strong></span> <span class='ocrx_word' id='word_1_111' title='bbox 997 1863 1041 1927; x_wconf 87' lang='lat' dir='ltr'><strong>ab</strong></span> <span class='ocrx_word' id='word_1_112' title='bbox 1055 1861 1175 1928; x_wconf 84' lang='lat' dir='ltr'><strong>eodem</strong></span> <span class='ocrx_word' id='word_1_113' title='bbox 1189 1863 1313 1948; x_wconf 77' lang='lat' dir='ltr'><strong>decep·</strong></span> 
     </span>
     <span class='ocr_line' id='line_1_16' title="bbox 211 1960 1312 2044; baseline 0.004 -18"><span class='ocrx_word' id='word_1_114' title='bbox 211 1969 279 2026; x_wconf 84' lang='lat' dir='ltr'><strong>tom</strong></span> <span class='ocrx_word' id='word_1_115' title='bbox 293 1960 468 2026; x_wconf 88' lang='lat' dir='ltr'><strong>dominum</strong></span> <span class='ocrx_word' id='word_1_116' title='bbox 492 1961 719 2044; x_wconf 79' lang='lat' dir='ltr'><strong>cognoverint.</strong></span> <span class='ocrx_word' id='word_1_117' title='bbox 763 1961 894 2040; x_wconf 83' lang='lat' dir='ltr'><strong>Quarto</strong></span> <span class='ocrx_word' id='word_1_118' title='bbox 920 1964 1023 2028; x_wconf 86' lang='lat' dir='ltr'><strong>errori</strong></span> <span class='ocrx_word' id='word_1_119' title='bbox 1048 1963 1312 2032; x_wconf 83' lang='lat' dir='ltr'><strong>subveniendum</strong></span> 
     </span>
     <span class='ocr_line' id='line_1_17' title="bbox 210 2063 1312 2148; baseline 0.002 -22"><span class='ocrx_word' id='word_1_120' title='bbox 210 2083 276 2130; x_wconf 90' lang='lat' dir='ltr'><strong>non</strong></span> <span class='ocrx_word' id='word_1_121' title='bbox 299 2070 422 2148; x_wconf 89' lang='lat' dir='ltr'><strong>putant</strong></span> <span class='ocrx_word' id='word_1_122' title='bbox 432 2064 463 2143; x_wconf 67' lang='grc' dir='ltr'><strong>ς’</strong></span> <span class='ocrx_word' id='word_1_123' title='bbox 485 2065 565 2148; x_wconf 82' lang='lat' dir='ltr'><strong>quia</strong></span> <span class='ocrx_word' id='word_1_124' title='bbox 581 2083 645 2130; x_wconf 83' lang='lat' dir='ltr'><strong>suu</strong></span> <span class='ocrx_word' id='word_1_125' title='bbox 661 2063 735 2146; x_wconf 84' lang='lat' dir='ltr'><strong>jam</strong></span> <span class='ocrx_word' id='word_1_126' title='bbox 760 2065 860 2148; x_wconf 81' lang='lat' dir='ltr'><strong>eulpa</strong></span> <span class='ocrx_word' id='word_1_127' title='bbox 874 2063 1031 2147; x_wconf 83' lang='lat' dir='ltr'><strong>injurium</strong></span> <span class='ocrx_word' id='word_1_128' title='bbox 1045 2067 1192 2147; x_wconf 84' lang='lat' dir='ltr'><strong>uecepit,</strong></span> <span class='ocrx_word' id='word_1_129' title='bbox 1207 2067 1264 2148; x_wconf 87' lang='lat' dir='ltr'><strong>qui</strong></span> <span class='ocrx_word' id='word_1_130' title='bbox 1280 2067 1312 2130; x_wconf 87' lang='lat' dir='ltr'><strong>ei</strong></span> 
     </span>
    </p>
   </div>
   <div class='ocr_carea' id='block_1_3' title="bbox 211 2255 1314 2442">
    <p class='ocr_par' dir='ltr' id='par_1_4' title="bbox 211 2255 1314 2442">
     <span class='ocr_line' id='line_1_18' title="bbox 243 2255 1312 2325; baseline -0.001 -11"><span class='ocrx_word' id='word_1_131' title='bbox 243 2261 424 2314; x_wconf 64' lang='lat' dir='ltr'><strong>‘Permittunt</strong></span> <span class='ocrx_word' id='word_1_132' title='bbox 444 2268 471 2312; x_wconf 80' lang='lat' dir='ltr'><strong>et</strong></span> <span class='ocrx_word' id='word_1_133' title='bbox 487 2263 561 2312; x_wconf 80' lang='lat' dir='ltr'><strong>tertie</strong></span> <span class='ocrx_word' id='word_1_134' title='bbox 576 2262 726 2314; x_wconf 66' lang='lat' dir='ltr'><strong>meatem</strong></span> <span class='ocrx_word' id='word_1_135' title='bbox 747 2255 850 2324; x_wconf 59' lang='lat' dir='ltr'><strong>Meet</strong></span> <span class='ocrx_word' id='word_1_136' title='bbox 873 2264 938 2313; x_wconf 75' lang='lat' dir='ltr'><strong>nerei</strong></span> <span class='ocrx_word' id='word_1_137' title='bbox 952 2261 1112 2325; x_wconf 69' lang='lat' dir='ltr'><strong>rescindatur,</strong></span> <span class='ocrx_word' id='word_1_138' title='bbox 1135 2263 1158 2312; x_wconf 83' lang='lat' dir='ltr'><strong>ei</strong></span> <span class='ocrx_word' id='word_1_139' title='bbox 1178 2278 1259 2316; x_wconf 75' lang='lat' dir='ltr'><strong>mne</strong></span> <span class='ocrx_word' id='word_1_140' title='bbox 1275 2269 1312 2313; x_wconf 80' lang='lat' dir='ltr'><strong>ter</strong></span> 
     </span>
     <span class='ocr_line' id='line_1_19' title="bbox 211 2327 1314 2442; baseline 0.004 -66"><span class='ocrx_word' id='word_1_141' title='bbox 211 2328 456 2442; x_wconf 45' lang='grc' dir='ltr'><strong>Ζεῖἑῖᾞὲσφιήε</strong></span> <span class='ocrx_word' id='word_1_142' title='bbox 468 2344 478 2386; x_wconf 84' lang='grc'><strong>,·</strong></span> <span class='ocrx_word' id='word_1_143' title='bbox 494 2328 581 2378; x_wconf 71' lang='lat' dir='ltr'><strong>niuem</strong></span> <span class='ocrx_word' id='word_1_144' title='bbox 591 2333 676 2392; x_wconf 78' lang='lat' dir='ltr'><strong>qnater</strong></span> <span class='ocrx_word' id='word_1_145' title='bbox 685 2327 813 2391; x_wconf 79' lang='lat' dir='ltr'><strong>deceperit,</strong></span> <span class='ocrx_word' id='word_1_146' title='bbox 822 2333 933 2390; x_wconf 68' lang='lat' dir='ltr'><strong>quaten</strong></span> <span class='ocrx_word' id='word_1_147' title='bbox 948 2328 1104 2391; x_wconf 65' lang='lat' dir='ltr'><strong>neemiam</strong></span> <span class='ocrx_word' id='word_1_148' title='bbox 1116 2328 1259 2390; x_wconf 67' lang='lat' dir='ltr'><strong>maman</strong></span> <span class='ocrx_word' id='word_1_149' title='bbox 1268 2343 1314 2380; x_wconf 79' lang='lat' dir='ltr'><strong>nore</strong></span> 
     </span>
    </p>
   </div>
   <div class='ocr_carea' id='block_1_4' title="bbox 675 2468 857 2490">
    <p class='ocr_par' dir='ltr' id='par_1_5' title="bbox 675 2468 857 2490">
     <span class='ocr_line' id='line_1_20' title="bbox 675 2468 857 2490; baseline -0.005 0"><span class='ocrx_word' id='word_1_150' title='bbox 675 2468 857 2490; x_wconf 61' lang='lat' dir='ltr'><strong>mum</strong></span> 
     </span>
    </p>
   </div>
   <div class='ocr_carea' id='block_1_5' title="bbox 210 2561 1314 2699">
    <p class='ocr_par' dir='ltr' id='par_1_6' title="bbox 210 2561 1314 2699">
     <span class='ocr_line' id='line_1_21' title="bbox 210 2561 1313 2634; baseline 0.004 -18"><span class='ocrx_word' id='word_1_151' title='bbox 210 2569 291 2632; x_wconf 83' lang='lat' dir='ltr'><strong>primo</strong></span> <span class='ocrx_word' id='word_1_152' title='bbox 311 2583 358 2634; x_wconf 80' lang='lat' dir='ltr'><strong>pro</strong></span> <span class='ocrx_word' id='word_1_153' title='bbox 394 2569 527 2620; x_wconf 71' lang='lat' dir='ltr'><strong>rimu-14</strong></span> <span class='ocrx_word' id='word_1_154' title='bbox 544 2567 651 2633; x_wconf 74' lang='lat' dir='ltr'><strong>Pighius</strong></span> <span class='ocrx_word' id='word_1_155' title='bbox 670 2569 719 2618; x_wconf 82' lang='lat' dir='ltr'><strong>eine</strong></span> <span class='ocrx_word' id='word_1_156' title='bbox 738 2561 834 2629; x_wconf 80' lang='lat' dir='ltr'><strong>omisit,</strong></span> <span class='ocrx_word' id='word_1_157' title='bbox 849 2583 959 2633; x_wconf 81' lang='lat' dir='ltr'><strong>eumque</strong></span> <span class='ocrx_word' id='word_1_158' title='bbox 977 2567 1059 2618; x_wconf 82' lang='lat' dir='ltr'><strong>secuti</strong></span> <span class='ocrx_word' id='word_1_159' title='bbox 1079 2575 1138 2618; x_wconf 87' lang='lat' dir='ltr'><strong>eunt</strong></span> <span class='ocrx_word' id='word_1_160' title='bbox 1158 2569 1265 2620; x_wconf 84' lang='lat' dir='ltr'><strong>Coterue</strong></span> <span class='ocrx_word' id='word_1_161' title='bbox 1285 2579 1313 2620; x_wconf 85' lang='lat' dir='ltr'><strong>et</strong></span> 
     </span>
     <span class='ocr_line' id='line_1_22' title="bbox 212 2633 1314 2699; baseline 0 -15"><span class='ocrx_word' id='word_1_162' title='bbox 212 2633 331 2695; x_wconf 72' lang='lat' dir='ltr'><strong>&#39;l&#39;nyaiuu</strong></span> <span class='ocrx_word' id='word_1_163' title='bbox 390 2635 472 2697; x_wconf 84' lang='lat' dir='ltr'><strong>liquot</strong></span> <span class='ocrx_word' id='word_1_164' title='bbox 483 2634 558 2684; x_wconf 83' lang='lat' dir='ltr'><strong>codd.</strong></span> <span class='ocrx_word' id='word_1_165' title='bbox 569 2649 628 2684; x_wconf 86' lang='lat' dir='ltr'><strong>eum</strong></span> <span class='ocrx_word' id='word_1_166' title='bbox 641 2633 702 2682; x_wconf 85' lang='lat' dir='ltr'><strong>Vet.</strong></span> <span class='ocrx_word' id='word_1_167' title='bbox 712 2633 736 2682; x_wconf 84' lang='lat' dir='ltr'><strong>ei</strong></span> <span class='ocrx_word' id='word_1_168' title='bbox 745 2649 803 2694; x_wconf 82' lang='lat' dir='ltr'><strong>rem,</strong></span> <span class='ocrx_word' id='word_1_169' title='bbox 813 2633 874 2682; x_wconf 82' lang='lat' dir='ltr'><strong>eine:</strong></span> <span class='ocrx_word' id='word_1_170' title='bbox 889 2634 975 2683; x_wconf 86' lang='lat' dir='ltr'><strong>Bitnr.</strong></span> <span class='ocrx_word' id='word_1_171' title='bbox 987 2637 1010 2682; x_wconf 91' lang='lat' dir='ltr'><strong>l.</strong></span> <span class='ocrx_word' id='word_1_172' title='bbox 1027 2633 1049 2681; x_wconf 81' lang='lat' dir='ltr'><strong>ai</strong></span> <span class='ocrx_word' id='word_1_173' title='bbox 1058 2647 1108 2682; x_wconf 79' lang='lat' dir='ltr'><strong>rem</strong></span> <span class='ocrx_word' id='word_1_174' title='bbox 1119 2634 1208 2684; x_wconf 77' lang='lat' dir='ltr'><strong>intueri</strong></span> <span class='ocrx_word' id='word_1_175' title='bbox 1216 2638 1252 2684; x_wconf 77' lang='lat' dir='ltr'><strong>eet</strong></span> <span class='ocrx_word' id='word_1_176' title='bbox 1260 2650 1314 2699; x_wconf 82' lang='lat' dir='ltr'><strong>per-</strong></span> 
     </span>
    </p>
   </div>
   <div class='ocr_carea' id='block_1_6' title="bbox 212 2696 1398 2774">
    <p class='ocr_par' dir='ltr' id='par_1_7' title="bbox 212 2696 1398 2774">
     <span class='ocr_line' id='line_1_23' title="bbox 212 2696 1398 2774; baseline 0.002 -26"><span class='ocrx_word' id='word_1_177' title='bbox 212 2697 434 2774; x_wconf 57' lang='lat' dir='ltr'><strong>aequum—15</strong></span> <span class='ocrx_word' id='word_1_178' title='bbox 452 2697 629 2762; x_wconf 72' lang='lat' dir='ltr'><strong>capenteid.</strong></span> <span class='ocrx_word' id='word_1_179' title='bbox 642 2696 757 2748; x_wconf 79' lang='lat' dir='ltr'><strong>t.Berb.</strong></span> <span class='ocrx_word' id='word_1_180' title='bbox 772 2701 795 2747; x_wconf 88' lang='lat'><strong>1.</strong></span> <span class='ocrx_word' id='word_1_181' title='bbox 811 2703 836 2748; x_wconf 75' lang='lat'><strong>2.</strong></span> <span class='ocrx_word' id='word_1_182' title='bbox 853 2707 881 2747; x_wconf 87' lang='lat' dir='ltr'><strong>et</strong></span> <span class='ocrx_word' id='word_1_183' title='bbox 899 2697 989 2747; x_wconf 83' lang='lat' dir='ltr'><strong>decern</strong></span> <span class='ocrx_word' id='word_1_184' title='bbox 1008 2697 1115 2746; x_wconf 83' lang='lat' dir='ltr'><strong>Torren.</strong></span> <span class='ocrx_word' id='word_1_185' title='bbox 1136 2713 1194 2750; x_wconf 86' lang='lat' dir='ltr'><strong>cum</strong></span> <span class='ocrx_word' id='word_1_186' title='bbox 1207 2699 1267 2749; x_wconf 87' lang='lat' dir='ltr'><strong>Vet.</strong></span> <span class='ocrx_word' id='word_1_187' title='bbox 1284 2707 1313 2750; x_wconf 81' lang='lat' dir='ltr'><strong>et</strong></span> <span class='ocrx_word' id='word_1_188' title='bbox 1396 2765 1398 2770; x_wconf 68' lang='lat'><strong>,</strong></span> 
     </span>
    </p>
   </div>
   <div class='ocr_carea' id='block_1_7' title="bbox 213 2786 1315 3172">
    <p class='ocr_par' dir='ltr' id='par_1_8' title="bbox 213 2786 1315 3172">
     <span class='ocr_line' id='line_1_24' title="bbox 213 2786 1315 2852; baseline 0 -14"><span class='ocrx_word' id='word_1_189' title='bbox 213 2787 287 2850; x_wconf 75' lang='lat' dir='ltr'><strong>Meg.</strong></span> <span class='ocrx_word' id='word_1_190' title='bbox 305 2792 426 2850; x_wconf 72' lang='lat' dir='ltr'><strong>potestne:</strong></span> <span class='ocrx_word' id='word_1_191' title='bbox 443 2789 510 2838; x_wconf 85' lang='lat' dir='ltr'><strong>uude</strong></span> <span class='ocrx_word' id='word_1_192' title='bbox 527 2788 648 2838; x_wconf 79' lang='lat' dir='ltr'><strong>Perizou.</strong></span> <span class='ocrx_word' id='word_1_193' title='bbox 665 2786 734 2849; x_wconf 83' lang='lat' dir='ltr'><strong>eonj.</strong></span> <span class='ocrx_word' id='word_1_194' title='bbox 753 2788 875 2836; x_wconf 77' lang='lat' dir='ltr'><strong>honestae:</strong></span> <span class='ocrx_word' id='word_1_195' title='bbox 892 2788 986 2851; x_wconf 84' lang='lat' dir='ltr'><strong>Uitraj.</strong></span> <span class='ocrx_word' id='word_1_196' title='bbox 1004 2792 1028 2837; x_wconf 77' lang='lat'><strong>2.</strong></span> <span class='ocrx_word' id='word_1_197' title='bbox 1045 2795 1128 2851; x_wconf 84' lang='lat' dir='ltr'><strong>pptoe:</strong></span> <span class='ocrx_word' id='word_1_198' title='bbox 1145 2789 1171 2836; x_wconf 89' lang='lat' dir='ltr'><strong>tn</strong></span> <span class='ocrx_word' id='word_1_199' title='bbox 1190 2789 1244 2838; x_wconf 82' lang='lat' dir='ltr'><strong>aliie</strong></span> <span class='ocrx_word' id='word_1_200' title='bbox 1261 2804 1315 2852; x_wconf 83' lang='lat' dir='ltr'><strong>poe-</strong></span> 
     </span>
     <span class='ocr_line' id='line_1_25' title="bbox 214 2851 1315 2915; baseline 0.002 -14"><span class='ocrx_word' id='word_1_201' title='bbox 214 2853 308 2913; x_wconf 81' lang='lat' dir='ltr'><strong>teritne,</strong></span> <span class='ocrx_word' id='word_1_202' title='bbox 324 2854 365 2899; x_wconf 85' lang='lat' dir='ltr'><strong>vet</strong></span> <span class='ocrx_word' id='word_1_203' title='bbox 374 2853 508 2915; x_wconf 72' lang='lat' dir='ltr'><strong>potestatis.</strong></span> <span class='ocrx_word' id='word_1_204' title='bbox 541 2852 652 2904; x_wconf 79' lang='lat' dir='ltr'><strong>Quidam</strong></span> <span class='ocrx_word' id='word_1_205' title='bbox 663 2851 770 2910; x_wconf 76' lang='lat' dir='ltr'><strong>trahent,</strong></span> <span class='ocrx_word' id='word_1_206' title='bbox 785 2852 992 2914; x_wconf 72' lang='lat' dir='ltr'><strong>potentissimum,⁸</strong></span> <span class='ocrx_word' id='word_1_207' title='bbox 1009 2853 1052 2900; x_wconf 85' lang='lat' dir='ltr'><strong>alii</strong></span> <span class='ocrx_word' id='word_1_208' title='bbox 1062 2853 1149 2900; x_wconf 82' lang='lat' dir='ltr'><strong>delent</strong></span> <span class='ocrx_word' id='word_1_209' title='bbox 1158 2853 1315 2912; x_wconf 72' lang='lat' dir='ltr'><strong>potissimum.</strong></span> 
     </span>
     <span class='ocr_line' id='line_1_26' title="bbox 214 2915 1313 2976; baseline 0.002 -12"><span class='ocrx_word' id='word_1_210' title='bbox 214 2915 287 2964; x_wconf 84' lang='lat' dir='ltr'><strong>Voee.</strong></span> <span class='ocrx_word' id='word_1_211' title='bbox 299 2916 373 2964; x_wconf 64' lang='lat' dir='ltr'><strong>madi</strong></span> <span class='ocrx_word' id='word_1_212' title='bbox 385 2915 481 2964; x_wconf 73' lang='lat' dir='ltr'><strong>initiam</strong></span> <span class='ocrx_word' id='word_1_213' title='bbox 490 2921 639 2972; x_wconf 70' lang='lat' dir='ltr'><strong>emetur:</strong></span> <span class='ocrx_word' id='word_1_214' title='bbox 657 2916 730 2966; x_wconf 86' lang='lat' dir='ltr'><strong>Leid.</strong></span> <span class='ocrx_word' id='word_1_215' title='bbox 742 2919 767 2963; x_wconf 85' lang='grc'><strong>7.</strong></span> <span class='ocrx_word' id='word_1_216' title='bbox 779 2915 810 2964; x_wconf 85' lang='lat' dir='ltr'><strong>eb</strong></span> <span class='ocrx_word' id='word_1_217' title='bbox 822 2916 854 2962; x_wconf 83' lang='lat' dir='ltr'><strong>at.</strong></span> <span class='ocrx_word' id='word_1_218' title='bbox 870 2930 905 2966; x_wconf 88' lang='lat' dir='ltr'><strong>m.</strong></span> <span class='ocrx_word' id='word_1_219' title='bbox 924 2917 1014 2976; x_wconf 86' lang='lat' dir='ltr'><strong>etium,</strong></span> <span class='ocrx_word' id='word_1_220' title='bbox 1031 2922 1176 2972; x_wconf 72' lang='lat' dir='ltr'><strong>meter-5</strong></span> <span class='ocrx_word' id='word_1_221' title='bbox 1193 2917 1278 2968; x_wconf 87' lang='lat' dir='ltr'><strong>Bitur.</strong></span> <span class='ocrx_word' id='word_1_222' title='bbox 1291 2923 1313 2966; x_wconf 88' lang='lat' dir='ltr'><strong>t.</strong></span> 
     </span>
     <span class='ocr_line' id='line_1_27' title="bbox 214 2979 1314 3041; baseline 0.003 -14"><span class='ocrx_word' id='word_1_223' title='bbox 214 2985 243 3028; x_wconf 88' lang='lat' dir='ltr'><strong>et</strong></span> <span class='ocrx_word' id='word_1_224' title='bbox 253 2981 313 3028; x_wconf 88' lang='lat' dir='ltr'><strong>Vet.</strong></span> <span class='ocrx_word' id='word_1_225' title='bbox 325 2983 522 3040; x_wconf 66' lang='lat' dir='ltr'><strong>moretm—tu</strong></span> <span class='ocrx_word' id='word_1_226' title='bbox 538 2981 590 3029; x_wconf 79' lang='lat' dir='ltr'><strong>Sex</strong></span> <span class='ocrx_word' id='word_1_227' title='bbox 600 2981 708 3030; x_wconf 76' lang='lat' dir='ltr'><strong>Torreu.</strong></span> <span class='ocrx_word' id='word_1_228' title='bbox 728 2993 795 3041; x_wconf 74' lang='lat' dir='ltr'><strong>quem</strong></span> <span class='ocrx_word' id='word_1_229' title='bbox 813 2979 886 3038; x_wconf 78' lang='lat' dir='ltr'><strong>domi,</strong></span> <span class='ocrx_word' id='word_1_230' title='bbox 902 2987 932 3028; x_wconf 89' lang='lat' dir='ltr'><strong>ut</strong></span> <span class='ocrx_word' id='word_1_231' title='bbox 946 2980 971 3028; x_wconf 90' lang='lat' dir='ltr'><strong>iu</strong></span> <span class='ocrx_word' id='word_1_232' title='bbox 982 2979 1042 3030; x_wconf 87' lang='lat' dir='ltr'><strong>edd.</strong></span> <span class='ocrx_word' id='word_1_233' title='bbox 1054 2983 1183 3030; x_wconf 76' lang='lat' dir='ltr'><strong>vett-lt</strong></span> <span class='ocrx_word' id='word_1_234' title='bbox 1202 2979 1276 3030; x_wconf 85' lang='lat' dir='ltr'><strong>Leid.</strong></span> <span class='ocrx_word' id='word_1_235' title='bbox 1286 2985 1314 3030; x_wconf 81' lang='grc'><strong>7.</strong></span> 
     </span>
     <span class='ocr_line' id='line_1_28' title="bbox 213 3041 1315 3106; baseline 0.003 -15"><span class='ocrx_word' id='word_1_236' title='bbox 213 3049 241 3091; x_wconf 86' lang='lat' dir='ltr'><strong>et</strong></span> <span class='ocrx_word' id='word_1_237' title='bbox 252 3056 343 3092; x_wconf 85' lang='lat' dir='ltr'><strong>uorem</strong></span> <span class='ocrx_word' id='word_1_238' title='bbox 353 3042 396 3091; x_wconf 76' lang='lat' dir='ltr'><strong>etti</strong></span> <span class='ocrx_word' id='word_1_239' title='bbox 405 3041 482 3092; x_wconf 81' lang='lat' dir='ltr'><strong>codd.</strong></span> <span class='ocrx_word' id='word_1_240' title='bbox 492 3044 578 3106; x_wconf 82' lang='lat' dir='ltr'><strong>prieeie</strong></span> <span class='ocrx_word' id='word_1_241' title='bbox 588 3044 703 3092; x_wconf 72' lang='lat' dir='ltr'><strong>miter:</strong></span> <span class='ocrx_word' id='word_1_242' title='bbox 716 3041 788 3092; x_wconf 77' lang='lat' dir='ltr'><strong>Leid.</strong></span> <span class='ocrx_word' id='word_1_243' title='bbox 796 3043 946 3092; x_wconf 65' lang='lat' dir='ltr'><strong>(hetaeriae</strong></span> <span class='ocrx_word' id='word_1_244' title='bbox 954 3045 1060 3093; x_wconf 89' lang='lat' dir='ltr'><strong>omittit.</strong></span> <span class='ocrx_word' id='word_1_245' title='bbox 1081 3043 1281 3106; x_wconf 58' lang='lat' dir='ltr'><strong>Hartanptat</strong></span> <span class='ocrx_word' id='word_1_246' title='bbox 1291 3049 1315 3094; x_wconf 87' lang='lat' dir='ltr'><strong>et</strong></span> 
     </span>
     <span class='ocr_line' id='line_1_29' title="bbox 214 3105 1314 3172; baseline 0.004 -16"><span class='ocrx_word' id='word_1_247' title='bbox 214 3107 282 3158; x_wconf 73' lang='grc' dir='ltr'><strong>σιω-ι’.</strong></span> <span class='ocrx_word' id='word_1_248' title='bbox 315 3107 379 3156; x_wconf 79' lang='lat' dir='ltr'><strong>nox</strong></span> <span class='ocrx_word' id='word_1_249' title='bbox 391 3107 486 3171; x_wconf 80' lang='lat' dir='ltr'><strong>Copee.</strong></span> <span class='ocrx_word' id='word_1_250' title='bbox 499 3108 591 3172; x_wconf 86' lang='lat' dir='ltr'><strong>Uttrej.</strong></span> <span class='ocrx_word' id='word_1_251' title='bbox 603 3114 626 3158; x_wconf 88' lang='lat' dir='ltr'><strong>t.</strong></span> <span class='ocrx_word' id='word_1_252' title='bbox 638 3112 664 3157; x_wconf 75' lang='lat'><strong>2.</strong></span> <span class='ocrx_word' id='word_1_253' title='bbox 675 3105 767 3156; x_wconf 77' lang='lat' dir='ltr'><strong>Leidd.</strong></span> <span class='ocrx_word' id='word_1_254' title='bbox 779 3113 803 3156; x_wconf 79' lang='lat'><strong>5.</strong></span> <span class='ocrx_word' id='word_1_255' title='bbox 813 3111 838 3156; x_wconf 88' lang='lat' dir='ltr'><strong>o.</strong></span> <span class='ocrx_word' id='word_1_256' title='bbox 850 3111 875 3156; x_wconf 80' lang='lat' dir='ltr'><strong>t.</strong></span> <span class='ocrx_word' id='word_1_257' title='bbox 894 3121 952 3156; x_wconf 87' lang='lat' dir='ltr'><strong>eum</strong></span> <span class='ocrx_word' id='word_1_258' title='bbox 969 3107 1082 3172; x_wconf 86' lang='lat' dir='ltr'><strong>quinque</strong></span> <span class='ocrx_word' id='word_1_259' title='bbox 1101 3107 1158 3156; x_wconf 83' lang='lat' dir='ltr'><strong>aliie</strong></span> <span class='ocrx_word' id='word_1_260' title='bbox 1174 3114 1201 3158; x_wconf 90' lang='lat' dir='ltr'><strong>et</strong></span> <span class='ocrx_word' id='word_1_261' title='bbox 1212 3109 1274 3159; x_wconf 82' lang='lat' dir='ltr'><strong>Vet.</strong></span> <span class='ocrx_word' id='word_1_262' title='bbox 1286 3117 1314 3160; x_wconf 79' lang='lat' dir='ltr'><strong>at</strong></span> 
     </span>
    </p>
   </div>
   <div class='ocr_carea' id='block_1_8' title="bbox 709 3234 820 3286">
    <p class='ocr_par' dir='ltr' id='par_1_9' title="bbox 709 3234 820 3286">
     <span class='ocr_line' id='line_1_30' title="bbox 709 3234 820 3286; baseline 0 -2"><span class='ocrx_word' id='word_1_263' title='bbox 709 3234 820 3286; x_wconf 81' lang='lat' dir='ltr'>NOTAE</span> 
     </span>
    </p>
   </div>
   <div class='ocr_carea' id='block_1_9' title="bbox 214 3331 1319 4395">
    <p class='ocr_par' dir='ltr' id='par_1_10' title="bbox 214 3331 1319 4395">
     <span class='ocr_line' id='line_1_31' title="bbox 224 3331 1314 3398; baseline 0.003 -16"><span class='ocrx_word' id='word_1_264' title='bbox 224 3343 228 3352; x_wconf 94' lang='grc'><em>·</em></span> <span class='ocrx_word' id='word_1_265' title='bbox 245 3331 255 3376; x_wconf 84' lang='lat' dir='ltr'>l</span> <span class='ocrx_word' id='word_1_266' title='bbox 273 3331 387 3396; x_wconf 74' lang='lat' dir='ltr'><strong>Pericles]</strong></span> <span class='ocrx_word' id='word_1_267' title='bbox 410 3331 555 3396; x_wconf 78' lang='lat' dir='ltr'><strong>Xanthippi</strong></span> <span class='ocrx_word' id='word_1_268' title='bbox 580 3331 746 3382; x_wconf 78' lang='lat' dir='ltr'><strong>Atheniensis</strong></span> <span class='ocrx_word' id='word_1_269' title='bbox 787 3331 834 3382; x_wconf 85' lang='lat' dir='ltr'><strong>hac</strong></span> <span class='ocrx_word' id='word_1_270' title='bbox 846 3331 949 3382; x_wconf 86' lang='lat' dir='ltr'><strong>actione</strong></span> <span class='ocrx_word' id='word_1_271' title='bbox 966 3332 1007 3382; x_wconf 87' lang='lat' dir='ltr'><strong>vel</strong></span> <span class='ocrx_word' id='word_1_272' title='bbox 1028 3347 1104 3397; x_wconf 86' lang='lat' dir='ltr'><strong>poeua</strong></span> <span class='ocrx_word' id='word_1_273' title='bbox 1120 3333 1162 3384; x_wconf 83' lang='lat' dir='ltr'><strong>vet</strong></span> <span class='ocrx_word' id='word_1_274' title='bbox 1183 3337 1314 3398; x_wconf 78' lang='lat' dir='ltr'><strong>prumiam</strong></span> 
     </span>
     <span class='ocr_line' id='line_1_32' title="bbox 214 3407 1315 3480; baseline -0.001 -20"><span class='ocrx_word' id='word_1_275' title='bbox 214 3407 292 3480; x_wconf 73' lang='lat' dir='ltr'><strong>titivm,</strong></span> <span class='ocrx_word' id='word_1_276' title='bbox 309 3409 349 3458; x_wconf 89' lang='lat' dir='ltr'><strong>vir</strong></span> <span class='ocrx_word' id='word_1_277' title='bbox 361 3409 422 3459; x_wconf 88' lang='lat' dir='ltr'><strong>hetti</strong></span> <span class='ocrx_word' id='word_1_278' title='bbox 440 3409 560 3474; x_wconf 84' lang='lat' dir='ltr'><strong>domique</strong></span> <span class='ocrx_word' id='word_1_279' title='bbox 572 3409 696 3468; x_wconf 70' lang='lat' dir='ltr'><strong>illustris,</strong></span> <span class='ocrx_word' id='word_1_280' title='bbox 713 3407 746 3458; x_wconf 84' lang='lat' dir='ltr'><strong>de</strong></span> <span class='ocrx_word' id='word_1_281' title='bbox 787 3408 924 3470; x_wconf 84' lang='lat' dir='ltr'><strong>munebet;</strong></span> <span class='ocrx_word' id='word_1_282' title='bbox 941 3407 963 3458; x_wconf 84' lang='lat' dir='ltr'><strong>ei</strong></span> <span class='ocrx_word' id='word_1_283' title='bbox 974 3408 1088 3470; x_wconf 85' lang='lat' dir='ltr'><strong>vioieeet,</strong></span> <span class='ocrx_word' id='word_1_284' title='bbox 1107 3410 1227 3473; x_wconf 79' lang='lat' dir='ltr'><strong>perfectu</strong></span> <span class='ocrx_word' id='word_1_285' title='bbox 1239 3411 1315 3463; x_wconf 86' lang='lat' dir='ltr'><strong>tiber·</strong></span> 
     </span>
     <span class='ocr_line' id='line_1_33' title="bbox 215 3483 1272 3552; baseline -0.001 -14"><span class='ocrx_word' id='word_1_286' title='bbox 215 3489 288 3552; x_wconf 85' lang='lat' dir='ltr'><strong>cujne</strong></span> <span class='ocrx_word' id='word_1_287' title='bbox 295 3487 372 3538; x_wconf 70' lang='lat' dir='ltr'><strong>rehtu</strong></span> <span class='ocrx_word' id='word_1_288' title='bbox 380 3485 462 3548; x_wconf 78' lang='lat' dir='ltr'><strong>gestie</strong></span> <span class='ocrx_word' id='word_1_289' title='bbox 470 3499 541 3548; x_wconf 82' lang='lat' dir='ltr'><strong>saepe</strong></span> <span class='ocrx_word' id='word_1_290' title='bbox 551 3495 649 3547; x_wconf 77' lang='lat' dir='ltr'><strong>postea.</strong></span> <span class='ocrx_word' id='word_1_291' title='bbox 671 3483 746 3534; x_wconf 78' lang='lat' dir='ltr'><strong>littus</strong></span> <span class='ocrx_word' id='word_1_292' title='bbox 788 3491 841 3546; x_wconf 66' lang='grc' dir='ltr'><strong>ως</strong></span> <span class='ocrx_word' id='word_1_293' title='bbox 857 3485 896 3534; x_wconf 87' lang='lat' dir='ltr'><strong>ein</strong></span> <span class='ocrx_word' id='word_1_294' title='bbox 908 3485 999 3548; x_wconf 78' lang='lat' dir='ltr'><strong>miuus,</strong></span> <span class='ocrx_word' id='word_1_295' title='bbox 1014 3487 1125 3536; x_wconf 77' lang='lat' dir='ltr'><strong>servitos</strong></span> <span class='ocrx_word' id='word_1_296' title='bbox 1136 3494 1272 3551; x_wconf 82' lang='lat' dir='ltr'><strong>perpetue.</strong></span> 
     </span>
     <span class='ocr_line' id='line_1_34' title="bbox 215 3559 1316 3624; baseline -0.001 -11"><span class='ocrx_word' id='word_1_297' title='bbox 215 3577 300 3613; x_wconf 83' lang='lat' dir='ltr'><strong>mores</strong></span> <span class='ocrx_word' id='word_1_298' title='bbox 323 3563 361 3611; x_wconf 80' lang='lat' dir='ltr'><strong>hie</strong></span> <span class='ocrx_word' id='word_1_299' title='bbox 383 3561 469 3611; x_wconf 75' lang='lat' dir='ltr'><strong>verbio</strong></span> <span class='ocrx_word' id='word_1_300' title='bbox 487 3561 616 3623; x_wconf 80' lang='lat' dir='ltr'><strong>expremit</strong></span> <span class='ocrx_word' id='word_1_301' title='bbox 635 3559 743 3609; x_wconf 84' lang='lat' dir='ltr'><strong>Cicero:</strong></span> <span class='ocrx_word' id='word_1_302' title='bbox 818 3559 1316 3624; x_wconf 72' lang='lat' dir='ltr'><strong>¹ntmtttm10uorumetvtnentes·</strong></span> 
     </span>
     <span class='ocr_line' id='line_1_35' title="bbox 216 3637 1314 3701; baseline -0.003 -10"><span class='ocrx_word' id='word_1_303' title='bbox 216 3641 223 3667; x_wconf 72' lang='lat'><strong>⁴</strong></span> <span class='ocrx_word' id='word_1_304' title='bbox 238 3641 288 3691; x_wconf 84' lang='lat' dir='ltr'><strong>Qui</strong></span> <span class='ocrx_word' id='word_1_305' title='bbox 306 3653 365 3689; x_wconf 86' lang='lat' dir='ltr'><strong>eum</strong></span> <span class='ocrx_word' id='word_1_306' title='bbox 383 3639 490 3688; x_wconf 87' lang='lat' dir='ltr'><strong>floreret</strong></span> <span class='ocrx_word' id='word_1_307' title='bbox 508 3637 575 3687; x_wconf 86' lang='lat' dir='ltr'><strong>omni</strong></span> <span class='ocrx_word' id='word_1_308' title='bbox 589 3651 684 3701; x_wconf 74' lang='lat' dir='ltr'><strong>genere</strong></span> <span class='ocrx_word' id='word_1_309' title='bbox 695 3637 745 3686; x_wconf 89' lang='lat' dir='ltr'><strong>vir·</strong></span> <span class='ocrx_word' id='word_1_310' title='bbox 787 3637 843 3686; x_wconf 84' lang='lat' dir='ltr'><strong>eilia</strong></span> <span class='ocrx_word' id='word_1_311' title='bbox 854 3638 880 3686; x_wconf 89' lang='lat' dir='ltr'><strong>in</strong></span> <span class='ocrx_word' id='word_1_312' title='bbox 891 3637 980 3687; x_wconf 88' lang='lat' dir='ltr'><strong>littore</strong></span> <span class='ocrx_word' id='word_1_313' title='bbox 992 3638 1087 3688; x_wconf 76' lang='lat' dir='ltr'><strong>Gallia</strong></span> <span class='ocrx_word' id='word_1_314' title='bbox 1106 3639 1138 3688; x_wconf 83' lang='lat' dir='ltr'><strong>ad</strong></span> <span class='ocrx_word' id='word_1_315' title='bbox 1149 3651 1221 3687; x_wconf 79' lang='lat' dir='ltr'><strong>mere</strong></span> <span class='ocrx_word' id='word_1_316' title='bbox 1230 3637 1314 3688; x_wconf 86' lang='lat' dir='ltr'><strong>Medi-</strong></span> 
     </span>
     <span class='ocr_line' id='line_1_36' title="bbox 216 3713 1316 3782; baseline -0.004 -14"><span class='ocrx_word' id='word_1_317' title='bbox 216 3719 294 3779; x_wconf 82' lang='lat' dir='ltr'><strong>tutie,</strong></span> <span class='ocrx_word' id='word_1_318' title='bbox 307 3717 461 3782; x_wconf 74' lang='lat' dir='ltr'><strong>etoqnentiu</strong></span> <span class='ocrx_word' id='word_1_319' title='bbox 478 3716 555 3766; x_wconf 79' lang='lat' dir='ltr'><strong>lande</strong></span> <span class='ocrx_word' id='word_1_320' title='bbox 570 3714 618 3766; x_wconf 81' lang='lat' dir='ltr'><strong>tuit</strong></span> <span class='ocrx_word' id='word_1_321' title='bbox 635 3715 745 3765; x_wconf 79' lang='lat' dir='ltr'><strong>clariori·</strong></span> <span class='ocrx_word' id='word_1_322' title='bbox 787 3723 943 3778; x_wconf 82' lang='lat' dir='ltr'><strong>terraneam,</strong></span> <span class='ocrx_word' id='word_1_323' title='bbox 959 3714 1058 3778; x_wconf 74' lang='lat' dir='ltr'><strong>origiue</strong></span> <span class='ocrx_word' id='word_1_324' title='bbox 1075 3714 1178 3777; x_wconf 72' lang='lat' dir='ltr'><strong>Grues,</strong></span> <span class='ocrx_word' id='word_1_325' title='bbox 1193 3729 1209 3763; x_wconf 85' lang='lat' dir='ltr'><strong>u</strong></span> <span class='ocrx_word' id='word_1_326' title='bbox 1227 3713 1316 3778; x_wconf 78' lang='lat' dir='ltr'><strong>protu-</strong></span> 
     </span>
     <span class='ocr_line' id='line_1_37' title="bbox 216 3790 1317 3857; baseline -0.002 -13"><span class='ocrx_word' id='word_1_327' title='bbox 216 3809 287 3857; x_wconf 61' lang='lat' dir='ltr'><strong>uram</strong></span> <span class='ocrx_word' id='word_1_328' title='bbox 305 3796 345 3844; x_wconf 86' lang='lat' dir='ltr'><strong>vir</strong></span> <span class='ocrx_word' id='word_1_329' title='bbox 367 3795 475 3844; x_wconf 71' lang='lat' dir='ltr'><strong>leuitate</strong></span> <span class='ocrx_word' id='word_1_330' title='bbox 498 3801 526 3843; x_wconf 88' lang='lat' dir='ltr'><strong>et</strong></span> <span class='ocrx_word' id='word_1_331' title='bbox 547 3793 746 3843; x_wconf 85' lang='lat' dir='ltr'><strong>munenetudine</strong></span> <span class='ocrx_word' id='word_1_332' title='bbox 787 3794 826 3856; x_wconf 75' lang='lat' dir='ltr'><strong>gie</strong></span> <span class='ocrx_word' id='word_1_333' title='bbox 845 3807 879 3840; x_wconf 82' lang='lat' dir='ltr'><strong>ex</strong></span> <span class='ocrx_word' id='word_1_334' title='bbox 898 3791 962 3840; x_wconf 80' lang='lat' dir='ltr'><strong>Aeie</strong></span> <span class='ocrx_word' id='word_1_335' title='bbox 980 3790 1183 3842; x_wconf 76' lang='lat' dir='ltr'><strong>Phoeoeensibne</strong></span> <span class='ocrx_word' id='word_1_336' title='bbox 1202 3791 1317 3853; x_wconf 78' lang='lat' dir='ltr'><strong>contire,</strong></span> 
     </span>
     <span class='ocr_line' id='line_1_38' title="bbox 217 3867 1315 3936; baseline -0.004 -14"><span class='ocrx_word' id='word_1_337' title='bbox 217 3879 245 3922; x_wconf 83' lang='lat' dir='ltr'><strong>et</strong></span> <span class='ocrx_word' id='word_1_338' title='bbox 256 3871 384 3936; x_wconf 74' lang='lat' dir='ltr'><strong>gravitate</strong></span> <span class='ocrx_word' id='word_1_339' title='bbox 396 3871 567 3934; x_wconf 84' lang='lat' dir='ltr'><strong>conepieoue;</strong></span> <span class='ocrx_word' id='word_1_340' title='bbox 584 3871 627 3935; x_wconf 86' lang='lat' dir='ltr'><strong>qui</strong></span> <span class='ocrx_word' id='word_1_341' title='bbox 640 3870 666 3918; x_wconf 89' lang='lat' dir='ltr'><strong>in</strong></span> <span class='ocrx_word' id='word_1_342' title='bbox 679 3885 746 3919; x_wconf 76' lang='lat' dir='ltr'><strong>som·</strong></span> <span class='ocrx_word' id='word_1_343' title='bbox 786 3883 844 3918; x_wconf 88' lang='lat' dir='ltr'><strong>cum</strong></span> <span class='ocrx_word' id='word_1_344' title='bbox 858 3869 941 3932; x_wconf 77' lang='lat' dir='ltr'><strong>Cyrus</strong></span> <span class='ocrx_word' id='word_1_345' title='bbox 953 3881 1039 3918; x_wconf 88' lang='lat' dir='ltr'><strong>rernm</strong></span> <span class='ocrx_word' id='word_1_346' title='bbox 1057 3869 1083 3918; x_wconf 91' lang='lat' dir='ltr'><strong>in</strong></span> <span class='ocrx_word' id='word_1_347' title='bbox 1101 3867 1166 3918; x_wconf 76' lang='lat' dir='ltr'><strong>Asin</strong></span> <span class='ocrx_word' id='word_1_348' title='bbox 1178 3869 1315 3932; x_wconf 77' lang='lat' dir='ltr'><strong>potiretur.</strong></span> 
     </span>
     <span class='ocr_line' id='line_1_39' title="bbox 217 3944 1317 4013; baseline -0.003 -14"><span class='ocrx_word' id='word_1_349' title='bbox 217 3963 259 3998; x_wconf 83' lang='lat' dir='ltr'><strong>rue</strong></span> <span class='ocrx_word' id='word_1_350' title='bbox 279 3949 398 4013; x_wconf 78' lang='lat' dir='ltr'><strong>potentia</strong></span> <span class='ocrx_word' id='word_1_351' title='bbox 425 3947 487 3996; x_wconf 84' lang='lat' dir='ltr'><strong>nihii</strong></span> <span class='ocrx_word' id='word_1_352' title='bbox 517 3947 564 3996; x_wconf 79' lang='lat' dir='ltr'><strong>iere</strong></span> <span class='ocrx_word' id='word_1_353' title='bbox 593 3947 745 3996; x_wconf 78' lang='lat' dir='ltr'><strong>indulserit:</strong></span> <span class='ocrx_word' id='word_1_354' title='bbox 788 3944 1201 3996; x_wconf 78' lang='lat' dir='ltr'><strong>Plutarchnetemeuhtaemtirm</strong></span> <span class='ocrx_word' id='word_1_355' title='bbox 1213 3945 1317 3997; x_wconf 60' lang='lat' dir='ltr'><strong>Mercu</strong></span> 
     </span>
     <span class='ocr_line' id='line_1_40' title="bbox 216 4022 1316 4088; baseline -0.002 -14"><span class='ocrx_word' id='word_1_356' title='bbox 216 4025 316 4074; x_wconf 84' lang='lat' dir='ltr'><strong>Orator</strong></span> <span class='ocrx_word' id='word_1_357' title='bbox 333 4033 361 4074; x_wconf 84' lang='lat' dir='ltr'><strong>et</strong></span> <span class='ocrx_word' id='word_1_358' title='bbox 380 4024 551 4088; x_wconf 75' lang='lat' dir='ltr'><strong>Philosophus</strong></span> <span class='ocrx_word' id='word_1_359' title='bbox 563 4022 746 4086; x_wconf 73' lang='lat' dir='ltr'><strong>praetentieei-</strong></span> <span class='ocrx_word' id='word_1_360' title='bbox 789 4028 869 4071; x_wconf 86' lang='lat' dir='ltr'><strong>torem</strong></span> <span class='ocrx_word' id='word_1_361' title='bbox 889 4024 976 4072; x_wconf 83' lang='lat' dir='ltr'><strong>neseio</strong></span> <span class='ocrx_word' id='word_1_362' title='bbox 987 4037 1065 4086; x_wconf 85' lang='lat' dir='ltr'><strong>quem</strong></span> <span class='ocrx_word' id='word_1_363' title='bbox 1076 4023 1145 4072; x_wconf 83' lang='lat' dir='ltr'><strong>iltine</strong></span> <span class='ocrx_word' id='word_1_364' title='bbox 1157 4024 1316 4073; x_wconf 81' lang='lat' dir='ltr'><strong>conditorem</strong></span> 
     </span>
     <span class='ocr_line' id='line_1_41' title="bbox 216 4095 1318 4166; baseline -0.001 -15"><span class='ocrx_word' id='word_1_365' title='bbox 216 4115 282 4164; x_wconf 81' lang='lat' dir='ltr'><strong>mne,</strong></span> <span class='ocrx_word' id='word_1_366' title='bbox 290 4103 334 4166; x_wconf 89' lang='lat' dir='ltr'><strong>qut</strong></span> <span class='ocrx_word' id='word_1_367' title='bbox 344 4101 540 4152; x_wconf 82' lang='lat' dir='ltr'><strong>Atheniensium</strong></span> <span class='ocrx_word' id='word_1_368' title='bbox 551 4100 746 4166; x_wconf 81' lang='lat' dir='ltr'><strong>Rempnbiienrn</strong></span> <span class='ocrx_word' id='word_1_369' title='bbox 788 4095 868 4147; x_wconf 75' lang='lat' dir='ltr'><strong>titisse</strong></span> <span class='ocrx_word' id='word_1_370' title='bbox 877 4105 1018 4147; x_wconf 78' lang='lat' dir='ltr'><strong>memoret:</strong></span> <span class='ocrx_word' id='word_1_371' title='bbox 1030 4097 1182 4148; x_wconf 80' lang='lat' dir='ltr'><strong>Enetethine</strong></span> <span class='ocrx_word' id='word_1_372' title='bbox 1192 4115 1253 4149; x_wconf 82' lang='lat' dir='ltr'><strong>vero</strong></span> <span class='ocrx_word' id='word_1_373' title='bbox 1262 4101 1318 4150; x_wconf 87' lang='lat' dir='ltr'><strong>vult</strong></span> 
     </span>
     <span class='ocr_line' id='line_1_42' title="bbox 217 4174 1317 4240; baseline -0.003 -14"><span class='ocrx_word' id='word_1_374' title='bbox 217 4179 259 4226; x_wconf 77' lang='lat' dir='ltr'><strong>tt).</strong></span> <span class='ocrx_word' id='word_1_375' title='bbox 276 4178 349 4226; x_wconf 81' lang='lat' dir='ltr'><strong>annin</strong></span> <span class='ocrx_word' id='word_1_376' title='bbox 362 4175 535 4240; x_wconf 73' lang='lat' dir='ltr'><strong>gubernavit!</strong></span> <span class='ocrx_word' id='word_1_377' title='bbox 789 4174 826 4222; x_wconf 89' lang='lat' dir='ltr'><strong>itti</strong></span> <span class='ocrx_word' id='word_1_378' title='bbox 837 4187 929 4222; x_wconf 83' lang='lat' dir='ltr'><strong>nomeu</strong></span> <span class='ocrx_word' id='word_1_379' title='bbox 940 4174 1086 4238; x_wconf 78' lang='lat' dir='ltr'><strong>impositum</strong></span> <span class='ocrx_word' id='word_1_380' title='bbox 1102 4189 1135 4224; x_wconf 80' lang='lat' dir='ltr'><strong>ex</strong></span> <span class='ocrx_word' id='word_1_381' title='bbox 1146 4189 1257 4226; x_wconf 78' lang='lat' dir='ltr'><strong>occursu</strong></span> <span class='ocrx_word' id='word_1_382' title='bbox 1265 4178 1317 4240; x_wconf 81' lang='lat' dir='ltr'><strong>pis·</strong></span> 
     </span>
     <span class='ocr_line' id='line_1_43' title="bbox 250 4249 1319 4317; baseline -0.002 -15"><span class='ocrx_word' id='word_1_383' title='bbox 250 4250 263 4288; x_wconf 75' lang='lat'><strong>&#39;⁸</strong></span> <span class='ocrx_word' id='word_1_384' title='bbox 287 4251 399 4302; x_wconf 68' lang='lat' dir='ltr'><strong>Libenter</strong></span> <span class='ocrx_word' id='word_1_385' title='bbox 416 4253 538 4316; x_wconf 72' lang='lat' dir='ltr'><strong>imaeve]</strong></span> <span class='ocrx_word' id='word_1_386' title='bbox 565 4251 698 4306; x_wconf 85' lang='lat' dir='ltr'><strong>Libertum</strong></span> <span class='ocrx_word' id='word_1_387' title='bbox 723 4253 748 4301; x_wconf 88' lang='lat' dir='ltr'><strong>in</strong></span> <span class='ocrx_word' id='word_1_388' title='bbox 789 4249 885 4299; x_wconf 76' lang='lat' dir='ltr'><strong>euteria</strong></span> <span class='ocrx_word' id='word_1_389' title='bbox 916 4263 1009 4301; x_wconf 74' lang='lat' dir='ltr'><strong>uorem</strong></span> <span class='ocrx_word' id='word_1_390' title='bbox 1043 4251 1186 4317; x_wconf 59' lang='lat' dir='ltr'><strong>reticentia,</strong></span> <span class='ocrx_word' id='word_1_391' title='bbox 1219 4250 1319 4313; x_wconf 68' lang='grc' dir='ltr'><strong><em>μάσσω</em></strong></span> 
     </span>
     <span class='ocr_line' id='line_1_44' title="bbox 283 4331 1253 4395; baseline 0 -15"><span class='ocrx_word' id='word_1_392' title='bbox 283 4331 371 4395; x_wconf 81' lang='lat' dir='ltr'><strong>Deiph.</strong></span> <span class='ocrx_word' id='word_1_393' title='bbox 380 4337 403 4381; x_wconf 88' lang='lat' dir='ltr'><strong>et</strong></span> <span class='ocrx_word' id='word_1_394' title='bbox 413 4332 471 4382; x_wconf 81' lang='lat' dir='ltr'><strong>Ver.</strong></span> <span class='ocrx_word' id='word_1_395' title='bbox 484 4334 549 4384; x_wconf 77' lang='lat' dir='ltr'><strong>Cloe.</strong></span> <span class='ocrx_word' id='word_1_396' title='bbox 699 4331 751 4382; x_wconf 81' lang='lat' dir='ltr'><strong>Vni.</strong></span> <span class='ocrx_word' id='word_1_397' title='bbox 764 4331 835 4380; x_wconf 62' lang='lat' dir='ltr'><strong>titus.</strong></span> <span class='ocrx_word' id='word_1_398' title='bbox 1236 4333 1253 4380; x_wconf 86' lang='lat' dir='ltr'>S</span> 
     </span>
    </p>
   </div>
   <div class='ocr_carea' id='block_1_10' title="bbox 0 0 1581 4902">
    <p class='ocr_par' dir='ltr' id='par_1_11' title="bbox 0 0 1581 4902">
     <span class='ocr_line' id='line_1_45' title="bbox 0 0 1581 4902; baseline 0 0"><span class='ocrx_word' id='word_1_399' title='bbox 0 0 1581 4902; x_wconf 95' lang='lat' dir='ltr'><strong> </strong></span> 
     </span>
    </p>
   </div>
  </div>
 </body>
</html>
