3126 4902
503 413 583 462 nar.
601 415 650 461 ιν.
678 413 726 462 nn
748 413 1014 464 senoraoueus.
1242 399 1309 467 ‘259

251 553 285 617 d.
305 551 351 617 Et
365 553 446 636 quia
459 556 560 620 ceteri
572 555 644 620 ludi
657 555 743 639 ipsis
763 556 1050 640 appellationibus
1072 559 1161 623 unde
1176 560 1306 626 trabun-

208 657 274 732 tur,
289 661 442 738 apparet,
455 675 523 720 nou
538 657 718 721 absurdum
735 657 880 734 videtur,
904 658 1131 725 Saecularibus
1140 669 1154 698 l
1175 662 1307 726 initium

208 777 316 834 suum,
345 756 444 840 eujus
474 759 604 841 generis
630 758 743 822 muns
772 760 850 823 trito
859 765 884 808 ¹⁷
915 762 1040 828 notitia·
1065 769 1127 838 est,
1156 763 1305 830 reddere.

209 858 295 923 Cum
308 859 436 942 ingenti
451 861 644 945 pestilentia
657 859 747 926 Urbs
766 861 906 944 agrique
916 861 941 902 ¹⁸
962 870 1187 944 vastarentur,
1202 865 1306 932 Vale·

205 962 314 1040 eiua*
333 963 384 1026 vir
397 962 563 1048 locuples,
576 964 714 1031 rusticae
730 964 852 1042 vitae,¹⁹
873 965 1008 1030 duobus
1023 967 1103 1031 liliis
1124 975 1158 1032 et
1179 967 1249 1032 lilia
1263 971 1308 1034 ed

205 1064 482 1148 desperationem
495 1085 602 1151 usque
613 1065 819 1132 medicorum
833 1067 1075 1148 laborantibus,
1090 1089 1214 1156 aquam
1227 1071 1308 1135 eali-

207 1163 286 1229 darn
298 1167 342 1231 iis
365 1187 388 1232 a
409 1167 485 1234 ioco
504 1173 634 1254 petens,
662 1171 801 1254 genibus
825 1171 939 1248 nixus,
966 1171 1071 1235 Lares
1098 1172 1309 1251 familiarea,¹

207 1272 266 1332 ‘ut
286 1287 464 1352 puerorum
485 1272 670 1355 periculum
684 1273 719 1336 in
735 1271 846 1355 ipsius
861 1279 967 1356 eaput
982 1271 1214 1352 amusement:
1234 1293 1308 1339 ora-

206 1371 266 1434 vit
299 1371 397 1438 Orto
410 1372 531 1438 deinde
540 1393 609 1440 voa
623 1381 716 1452 eat,²⁰
740 1374 949 1440 ‘habilinum
964 1395 1023 1439 eos
1037 1375 1166 1455 salvus,
1181 1376 1212 1440 ai
1227 1395 1309 1442 onu-

208 1473 302 1539 tinuo
316 1475 451 1542 flumine
476 1475 616 1542 Tiberiy
638 1477 799 1543 devectos
824 1477 1006 1542 Tarentum
1015 1485 1062 1516 ²¹¹
1084 1477 1307 1562 deportasset,

667 1625 849 1647 ‘cumeneo

206 1709 271 1754 -ll
287 1703 331 1755 ita
343 1706 411 1758 Dan.
423 1721 488 1758 unua
504 1707 603 1758 Braud.
622 1707 743 1758 undeoinr
764 1709 871 1758 'l'orrem
890 1721 948 1757 uum
969 1707 1061 1769 priauia
1078 1707 1139 1758 edd.
1157 1714 1223 1758 certa
1235 1708 1309 1758 ntulit

205 1769 329 1831 Pighiun
344 1770 461 1822 ianuam
477 1771 529 1822 dno
545 1773 717 1823 Turrem-18
736 1773 799 1823 Urba
813 1772 912 1836 antiqua
930 1774 1030 1834 agrique
1040 1773 1150 1823 Venett.
1168 1789 1227 1823 oratu
1248 1775 1307 1822 aliia

205 1833 266 1884 edd.
278 1842 344 1884 vett.
373 1835 435 1886 Urba
452 1844 522 1900 atqua
540 1839 597 1899 agri
616 1837 680 1902 legit
699 1837 852 1887 Glareanus.
888 1837 1007 1887 Nostram
1020 1837 1158 1886 lectionem
1175 1845 1308 1888 tentantur

204 1911 293 1948 ornnea
304 1899 463 1964 coddPiqb.
472 1910 499 1950 et
508 1902 619 1951 'iorren
631 1917 690 1951 cum
698 1903 759 1951 Vat.
770 1911 797 1950 et
808 1902 947 1965 Mog.-to
959 1902 1057 1964 Ultraj.
1069 1906 1092 1952 l.
1104 1903 1308 1965 meuoeeuaqee

202 1963 302 2025 plebea:
318 1979 383 2013 uuus
395 1966 486 2016 Rheon
498 1966 570 2016 delet
585 1967 742 2016 medicorum.-
760 1967 786 2014 in
797 1966 873 2014 Vera.
891 1965 1000 2014 darunt:
1018 1981 1103 2029 aquata
1120 1967 1222 2016 calidam
1240 1967 1272 2015 iia
1291 1983 1308 2016 n

197 2023 255 2086 soca
271 2033 359 2090 patena.
391 2030 455 2079 Mox
478 2031 552 2080 Harl.
571 2031 686 2088 iaaaa'eeua,¹
703 2037 732 2078 et
751 2030 789 2079 sie
805 2027 866 2078 edd.
888 2037 952 2078 vett.
967 2029 1037 2094 stuata
1057 2043 1120 2078 unua
1138 2038 1218 2094 atque
1239 2031 1308 2078 alter

204 2093 314 2141 Torren.
339 2093 414 2143 lma
425 2094 490 2144 Deae
509 2095 603 2157 Uitraj.
618 2098 711 2144 1.-20
724 2093 835 2146 Quidam
854 2093 945 2142 delent
963 2099 1007 2142 eet.
1035 2094 1108 2142 Laid.
1127 2099 1151 2144 2.
1169 2093 1309 2154 habitem

204 2156 273 2206 unde
283 2158 391 2207 Torren.
401 2159 594 2222 conpedibus.
628 2158 730 2208 Deinde
743 2155 837 2208 Tiberia
850 2157 926 2219 Pigb.
942 2158 1028 2207 colea.
1047 2159 1125 2220 l'laya.
1146 2159 1241 2220 Delplr.
1259 2160 1310 2208 &o

206 2219 288 2270 attere
298 2223 370 2286 Meg.
381 2230 411 2273 at
420 2223 556 2273 drrodeoim
568 2222 709 2272 coda-er
727 2219 854 2272 Pensatum
864 2219 986 2270 entendet
999 2221 1162 2283 liutgeraiua,
1179 2221 1309 2285 probante

203 2284 301 2348 (ludio,
318 2296 347 2336 et
356 2287 395 2336 aie
407 2287 467 2336 olim
479 2288 617 2337 ediderant
628 2287 834 2336 Mediolanenses
846 2295 875 2335 at
886 2283 988 2334 Aldua:
1009 2285 1133 2336 lineatam
1146 2286 1240 2350 Ultaaj.
1251 2289 1274 2335 i.
1285 2290 1310 2336 d.

205 2349 332 2400 furentum
343 2352 370 2401 in
382 2351 440 2400 aliia
449 2350 526 2401 codd.
559 2352 615 2400 Pro
626 2353 769 2415 domnanae
781 2347 928 2414 quindeeiot
939 2363 997 2400 enan
1011 2349 1072 2400 edd.
1087 2357 1153 2402 vett.
1170 2354 1287 2415 paream
1299 2365 1309 2408 ,-

707 2479 814 2530 NOTAE

237 2585 334 2640 'i'ridu
349 2593 466 2656 muer]
491 2591 589 2654 Ceteri,
608 2591 651 2656 qui
673 2591 738 2641 ertia
778 2592 874 2652 diaun;
899 2592 1011 2657 danique
1032 2591 1079 2641 auia
1100 2591 1222 2656 Philippu
1243 2605 1310 2642 anno

206 2665 313 2718 ludicrae
331 2681 408 2718 canae
423 2669 450 2718 in
469 2683 574 2719 ananam
594 2669 739 2734 prodirent,
778 2669 856 2718 Urbis
868 2667 1017 2730 millesimo,
1030 2681 1065 2717 err
1079 2664 1207 2731 Etrtroplo
1218 2669 1312 2722 etEn·

205 2741 313 2793 infames
323 2751 406 2794 amnt.
778 2741 870 2792 aebio.·
893 2742 979 2791 Unum
992 2747 1080 2790 tamen
1091 2747 1118 2792 te
1130 2742 1255 2792 monitam
1267 2757 1312 2793 ve·

236 2820 427 2884 vuamba]
459 2820 514 2872 Qui
535 2821 575 2871 rel
597 2822 738 2871 centesimo
778 2817 832 2878 lint,
848 2817 893 2867 bur
909 2829 998 2866 omnes
1015 2817 1091 2866 ludos
1102 2832 1154 2866 nan
1165 2825 1235 2868 atato
1247 2827 1312 2868 tem·

205 2895 316 2956 decimo,
334 2909 367 2946 er
389 2897 509 2958 blondo,
532 2897 572 2946 ral
594 2898 737 2947 centesimo
778 2893 909 2957 pure,aed
926 2893 990 2942 alios
1001 2892 1089 2953 eitius,
1100 2892 1163 2941 aiios
1174 2893 1258 2942 aerina
1269 2908 1312 2944 aa·

206 2987 308 3036 quoqne
327 2986 403 3034 anuo,
421 2987 454 3021 er
475 2973 549 3022 Livio
568 2981 598 3024 et
608 2971 737 3036 Varrone,
777 2970 902 3020 lebratoa.
946 2969 991 3018 Ita
1010 2967 1068 3018 fere
1091 2968 1237 3018 Politianua
1252 2969 1312 3020 iibri

204 3045 379 3110 pertriduum
391 3048 459 3097 omni
471 3063 580 3112 genera,
591 3056 646 3100 tuor
664 3049 737 3100 ludo·
779 3046 1006 3096 miscellaneorum
1018 3059 1078 3108 etp·
1088 3048 1129 3093 ⁶8·

205 3133 263 3170 runa
284 3128 340 3171 turo
361 3123 555 3186 aauriliniorunr,
570 3125 739 3175 oelebrabaa·
811 3127 828 3152 '
842 3120 960 3182 Valeriae]
971 3119 1057 3170 Homo
1071 3119 1186 3180 diaea,et
1195 3119 1222 3168 io
1234 3129 1312 3184 gente

206 3205 265 3248 tur:
283 3198 348 3248 ritus
366 3213 455 3249 omnes
471 3201 593 3265 persequi
609 3197 738 3249 infinitum
777 3197 875 3248 Sabina
894 3197 998 3260 nobilia,
1007 3197 1077 3247 unde
1092 3209 1185 3248 nomen
1196 3207 1225 3249 et
1239 3197 1313 3249 sunl·

205 3275 257 3336 ait3
285 3275 373 3325 utilius
393 3275 454 3338 erit,
473 3277 573 3340 opinor,
593 3277 693 3341 quotiea
712 3277 738 3325 bi
779 3273 812 3322 lia
824 3273 996 3322 Valeriorum.

203 3351 259 3401 ludi
271 3352 482 3417 Romae,quoqoe
502 3359 620 3416 tempore
630 3351 737 3402 exhibiti
810 3350 911 3399 ’‘Iaarea·
920 3349 1070 3413 familiares]
1098 3351 1150 3403 Qui
1162 3350 1227 3402 lunia
1246 3365 1312 3414 prae·

203 3427 266 3489 aint,
276 3427 391 3477 breuiter
403 3429 544 3494 inquirere.
577 3427 675 3477 Nouius
685 3443 737 3478 nor·
779 3433 868 3486 aranu
892 3439 949 3475 curn
962 3427 1028 3475 enirn
1041 3425 1134 3490 priscis
1153 3425 1313 3490 temporibus

204 3503 265 3552 nino
287 3501 372 3553 iactus
398 3519 454 3554 esae
481 3503 610 3554 affirmare
633 3519 738 3568 poaearnr
779 3499 895 3552 defuncti
904 3503 1110 3566 repelironturiu
1120 3503 1232 3561 oedibuaq
1250 3501 1312 3551 inde

203 3577 304 3627 idoneis
313 3579 462 3628 unctoribus
473 3579 570 3641 Dione,
578 3579 738 3641 Herodiano,
778 3575 878 3628 sautum
890 3587 939 3642 eat,
951 3586 979 3628 ut
991 3595 1080 3630 eorum
1094 3594 1182 3628 manea
1195 3593 1242 3642 pro
1254 3579 1312 3628 Diia

203 3651 342 3718 Eutropio,
353 3656 466 3716 Zoaimo,
477 3664 506 3706 et
524 3656 645 3706 Eusebio.
679 3656 736 3705 Pri·
779 3653 951 3704 familiaribus
970 3655 1053 3704 babiti
1072 3655 1141 3716 alote
1163 3668 1227 3718 quoa
1245 3653 1311 3716 pella

203 3743 272 3778 arum
284 3730 387 3794 quidem
401 3745 468 3781 auno
487 3732 520 3781 ab
540 3729 613 3782 Urbe
631 3731 737 3781 condita
777 3733 870 3781 uanius
889 3732 949 3781 ideo
969 3731 1128 3780 veatiebantr
1157 3729 1224 3794 quod
1242 3729 1312 3778 heard

203 3809 245 3855 td.
262 3820 296 3856 ex
317 3807 435 3866 Zoairnot
460 3808 602 3856 sennodum
623 3807 671 3856 eub
683 3807 737 3856 Va·
777 3807 896 3855 aliterue
912 3819 990 3855 cenea
1008 3805 1158 3855 domesticis
1176 3805 1313 3868 crtetudiae,

203 3883 269 3932 lario
280 3883 431 3943 Publicola,
455 3883 561 3932 tertium
578 3887 606 3931 et
618 3887 735 3945 quartum
777 3884 868 3931 alienia
882 3897 942 3931 earo
955 3882 1047 3931 terrori
1058 3890 1155 3931 aream.
1224 3877 1228 3887 ⁴

203 3957 252 4007 tnb
270 3957 435 4020 consulibua,
450 3973 484 4008 ax
505 3959 588 4019 Livio,
601 3957 699 4018 Gellio,
710 3963 737 4006 et
809 3955 925 4018 raram]
953 3957 1059 4005 Fluvina
1078 3957 1162 4006 italie
1186 3965 1245 4022 poat
1261 3957 1313 4008 Pa-

201 4034 260 4083 allia
282 4035 351 4099 apud
375 4035 521 4096 Zoelarum
549 4035 667 4100 quintum
687 4035 735 4084 rub
775 4031 1311 4096 dumnobiliuimua,quloritnreaApau-

202 4108 339 4173 Δυμαῖος
356 4120 457 4161 textum
475 4111 524 4162 sub
535 4111 659 4171 Claudio3
676 4124 735 4174 aep-
775 4110 845 4166 nino,
858 4109 966 4158 Romam
979 4109 1065 4170 alluit,
1076 4117 1105 4158 et
1124 4109 1150 4158 in
1163 4123 1233 4158 naara
1244 4111 1310 4174 'lyr-

202 4185 296 4235 almam
308 4187 354 4238 aab
372 4189 537 4249 Domitiauor
554 4195 675 4238 octavum
688 4188 735 4237 aub
775 4189 882 4238 ruenoan
895 4187 1027 4238 dilabitur.
1045 4188 1131 4239 Hodie
1143 4189 1177 4238 Le
1191 4189 1269 4239 libre.

201 4261 322 4324 Septimo
332 4263 440 4326 Serere,
450 4277 483 4312 aa
500 4263 587 4313 Dione
603 4269 631 4313 et
650 4261 735 4312 Hero·
807 4264 960 4314 ¹i'araatam
981 4263 1132 4329 [Tantam]
1154 4267 1199 4316 Sia
1221 4267 1309 4330 legan-
