3050 4890
459 917 668 971 DOCTORUM
684 914 922 969 QUORUNDAM
938 912 1119 976 VIRORUM,

454 1109 532 1160 TUM
555 1107 729 1160 VETERUM
753 1106 834 1156 TUM
857 1102 1132 1166 RECENTIORUM,

515 1343 581 1408 DE
615 1339 830 1407 VALERIO
868 1335 1075 1404 MAXIMO

365 1597 749 1674 TESTIMONIA
789 1597 909 1672 AUT
947 1589 1215 1672 JUDICIA.

645 1885 950 1902 -η--α--ι

643 1903 949 1927 ψ

558 2151 691 2218 Plinius
707 2152 780 2217 Lib.
796 2167 820 2214 1.
835 2149 917 2216 Nat.
929 2147 1029 2234 ,Hira

249 2289 382 2376 Linao
399 2327 464 2378 vu.
480 2312 692 2377 continentur
706 2311 849 2394 gentium
864 2309 1032 2373 mirabiles
1046 2307 1172 2390 figura,
1182 2311 1242 2374 &c
1286 2307 1342 2372 Ex

249 2413 446 2478 auctoribus
467 2411 587 2476 Verrio
616 2414 756 2489 Flacco,
786 2411 848 2476 Cn.
869 2411 994 2488 Gellio,
1022 2409 1155 2476 Licinio
1180 2407 1343 2486 Mutiano,

250 2515 374 2592 Mutio,
390 2513 570 2591 Massurio,
585 2512 772 2598 Agrippina
787 2512 935 2588 Claudii,
960 2509 1009 2575 M.
1025 2511 1197 2589 Cicerone,
1220 2509 1344 2575 Asinio

249 2615 415 2692 Pollione,
443 2613 605 2693 Messala,
629 2613 731 2693 Ruso,
759 2612 858 2678 Corn.
882 2611 1028 2698 Nepote,
1050 2610 1203 2694 Virgilio,
1232 2611 1343 2690 Livio,

250 2712 374 2793 Cordo,
399 2713 555 2793 Melissa,
579 2715 719 2794 Seboso,
744 2714 842 2779 Corn.
867 2712 979 2792 Celso,
1005 2712 1159 2778 Maximo
1189 2712 1342 2791 Valerio,

180 2814 186 2834 '
250 2818 309 2878 &c

598 2981 802 3046 Plutarchus
818 2979 989 3046 Marcello.

293 3137 443 3204 Annibal
457 3147 566 3206 cetera
580 3140 662 3205 nihil
677 3161 796 3207 curans
810 3161 887 3207 cum
903 3139 1101 3206 Marcellum
1112 3139 1278 3208 cecidisse
1294 3140 1344 3205 in-

252 3239 421 3322 telligeret,
444 3243 519 3324 ipso
546 3242 722 3306 confestim
747 3243 792 3307 ad
821 3244 934 3307 locum
962 3242 1119 3319 cucurrit,
1147 3247 1182 3306 et
1208 3248 1342 3308 mortuo

251 3349 365 3408 astans
380 3342 439 3406 diu
451 3345 551 3408 robur
565 3345 719 3427 corporis
733 3353 768 3408 et
782 3344 933 3427 speciem
949 3342 1181 3409 consideravit.
1217 3321 1341 3428 Neque

250 3463 367 3508 vocem
382 3445 474 3509 misit
488 3447 756 3526 arrogantiorem,
771 3463 880 3528 nequa
891 3443 987 3508 vultu
1000 3443 1167 3521 laetitiam,
1175 3451 1215 3508 ut
1228 3444 1343 3510 forsan

251 3545 338 3609 alins
354 3546 423 3610 aori
438 3565 478 3610 ac
494 3547 587 3629 gravi
601 3545 698 3612 hoste
712 3547 847 3612 sublato
861 3546 1014 3624 iecisset,
1037 3565 1109 3629 prae
1125 3565 1162 3611 se
1178 3545 1268 3624 tulit,
1284 3545 1344 3610 sod

253 3647 297 3710 ad
311 3649 515 3731 insperatam
537 3655 674 3712 mortem
696 3650 941 3732 obstupescens
963 3649 1118 3713 annulum
1140 3646 1273 3731 quidem
1288 3646 1345 3710 de-

253 3749 367 3812 traxit.
414 3749 450 3812 Τό
473 3751 500 3812 δὲ
523 3756 610 3831 σῶμα
633 3751 781 3832 κοσμήσας
808 3748 936 3838 opizum
961 3749 1071 3834 κόσμῳ,
1096 3749 1145 3810 καὶ
1166 3745 1344 3833 περιστείλας

254 3847 368 3930 torpa,
382 3846 495 3916 ἔκαυσε.
512 3852 560 3915 καὶ
575 3855 613 3914 τὰ
627 3850 751 3927 >reliana
764 3855 867 3928 συνθεὶς
879 3856 916 3926 ris
931 3850 1042 3928 κάλπην
1054 3855 1193 3936 ἀργυρᾶν,
1208 3851 1256 3913 καὶ
1268 3874 1346 3936 χρυ·

254 3955 319 4012 σοῦν
335 3953 469 4033 ἐμβαλῶν
483 3953 631 4032 στέφανον,
649 3951 799 4018 ἀπέστειλε
812 3955 877 4041 πρὸς
890 3954 936 4016 τὸν
951 3952 1016 4018 oio‘r.
1064 3959 1162 4016 Ταῦτα
1184 3955 1235 4035 μὲν
1252 3950 1300 4017 οὖν
1319 3959 1345 4018 oi

253 4052 314 4138 arpi
332 4054 477 4139 Κορνήλιον
490 4055 614 4120 Νέπωτα
629 4057 677 4120 καὶ
694 4051 844 4144 Οὐαλέριον
860 4055 991 4140 Μάξιμον
1006 4053 1181 4140 trropiaarr.
1227 4053 1347 4147 Corpus

253 4175 325 4218 vero
336 4152 472 4219 decenter
487 4168 631 4222 ornatum
646 4179 681 4222 oc
696 4159 860 4243 Ironorr'fice
876 4155 994 4223 cultam
1007 4157 1172 4223 cremavit:
1200 4154 1346 4244 reliquiar
