3056 4892
5 607 22 644 r

464 399 545 449 cur.
563 399 596 448 v.
620 399 668 450 nn
694 399 972 452 necuusnrnos.
1199 385 1265 451 381

209 547 242 624 2.
264 542 340 629 Age
357 545 400 625 Q.
415 545 514 610 Fehii
530 543 624 610 Max.
640 541 843 630 Allobrogici
853 553 889 594 ⁵⁰
909 549 943 610 et
963 547 1059 622 civis,
1074 552 1108 611 et
1122 548 1266 630 impera·

167 648 249 711 toris
266 648 453 724 clarissimi,
466 647 556 710 lilius
567 645 611 724 Q.
622 647 748 711 Fabius
762 649 858 712 illex.
873 667 973 732 quem
988 649 1152 731 perditam
1167 649 1266 714 luxu·

168 749 219 812 ria
232 749 335 813 vitum
351 749 441 831 egitl
464 748 564 832 cujus
589 755 627 812 ut
652 753 760 812 cetera
772 749 899 831 flagitio
913 749 1139 827 obliterentur,
1155 759 1265 815 tamen

169 851 299 914 abunde
323 851 380 914 illo
406 849 569 915 dedecore
594 869 702 915 mores
723 851 840 916 nudari
863 854 1030 934 possunt,‘
1051 852 1141 937 quod
1165 853 1197 916 ei
1220 845 1266 931 Q.

128 993 135 1008 ·
169 951 379 1036 Pompeius‘¹
415 961 539 1036 praetor
567 953 715 1018 urbanus
745 955 893 1035 paternis
923 954 1021 1017 honis
1050 953 1266 1018 interdixit:⁶

167 1073 274 1138 neque
289 1055 322 1118 iu
337 1060 430 1122 tanta
445 1056 593 1133 civitate,
615 1057 676 1140 qui
697 1055 782 1119 illud
798 1055 964 1119 decretum
987 1055 1265 1139 reprehenderet,⁷

169 1158 320 1222 inventus
335 1166 398 1221 est.
443 1159 606 1222 Dolenter
628 1159 714 1222 enim
740 1158 892 1223 homines
906 1158 1063 1234 serebant,
1086 1159 1266 1240 pecuniam

168 1278 245 1341 quoe
264 1259 382 1324 Fuhiae
399 1261 505 1342 gentis
521 1260 691 1343 splendori
716 1261 838 1326 servire
860 1260 1013 1337 debebat,
1040 1259 1176 1342 flagitiis
1198 1259 1267 1323 dis·

164 1359 253 1444 jici.⁸
298 1359 409 1439 Quem
425 1371 526 1443 ergo⁹
547 1363 648 1428 nimia
662 1364 768 1447 patris
795 1361 999 1444 indulgentia
1013 1361 1178 1427 haeredem
1192 1361 1265 1426 reli·

173 1469 298 1546 querat,
312 1465 451 1546 publica
465 1465 630 1528 severitus
646 1463 899 1529 exhaeredavitt

208 1565 240 1628 3.
264 1565 420 1632 Possedit
433 1566 579 1632 levorem
593 1567 699 1652 plebis
716 1565 856 1632 Clodius
871 1565 1015 1631 Pulcher
1026 1573 1056 1630 ε·
1077 1565 1266 1630 udhaerens·

167 1687 230 1754 quo
246 1665 443 1734 Fulvlunae‘
460 1670 556 1734 stolae
572 1670 674 1753 pugio
684 1679 695 1707 ‘
706 1677 733 1707 ¹⁰
754 1669 897 1733 militare
912 1669 1017 1732 decus
1032 1667 1190 1732 muliebri
1204 1669 1265 1732 im·

165 1771 256 1853 perio
271 1770 459 1853 subjectum
475 1771 602 1835 habuit.
647 1769 802 1848 Quorum
828 1769 919 1834 filius
945 1769 1102 1847 Pulcher,
1126 1776 1265 1852 praeter-

152 1890 267 1955 quum
283 1871 375 1954 qnod
390 1891 544 1935 enervem
560 1880 594 1934 et
609 1871 761 1953 frigidum
773 1870 946 1954 juventam
961 1873 1040 1952 egit,
1056 1870 1186 1954 perdito
1202 1871 1265 1934 eti·

167 1992 221 2038 am
236 1992 346 2036 amore
364 1973 602 2056 vulgatissimae
619 1973 799 2036 meretricis
815 1971 952 2038 inlumis
978 1973 1054 2052 fuit,
1080 1972 1265 2056 mortisque
1314 2037 1319 2046 ,

166 2074 393 2139 erubescendo
408 2095 528 2157 genere
541 2083 735 2139 consumtus
747 2081 809 2139 est.
853 2072 1044 2140 Abdomine
1064 2075 1150 2138 eninr
1167 2074 1264 2138 avide

166 2167 337 2256 devoruto,
360 2177 460 2242 foedae
477 2196 519 2242 ac
535 2175 682 2241 sordidae
697 2177 967 2259 intemperantiae
989 2175 1141 2260 spiritum
1155 2175 1265 2241 reddi·

166 2278 239 2342 dit.⁹

196 2504 210 2537 ¹¹
228 2507 314 2556 Temen
326 2508 404 2570 quotes
412 2506 478 2556 illiue
488 2521 564 2555 morer
568 2505 672 2568 suerint,
680 2505 782 2570 perepiei
790 2511 867 2570 potent
878 2507 915 2556 rel
925 2520 955 2557 ee
966 2505 1009 2556 roc
1017 2504 1134 2555 reum.

197 2578 207 2602 ‘
225 2571 437 2636 Ohteruperuueque
447 2573 513 2620 toruo
525 2571 617 2621 Fuluia
628 2573 699 2621 exori
708 2587 765 2622 ινιτ.

164 2861 244 2924 hropi,-
261 2861 515 2926 duuAllobrogir.-d
532 2865 616 2916 Ritur.
630 2870 653 2916 1.
666 2873 693 2915 et
706 2866 778 2916 Leid.
791 2871 816 2916 ll.
827 2866 958 2927 mererium
969 2865 1115 2920 interdicite
1130 2865 1226 2928 Ultrej.
1238 2870 1263 2914 2.

163 2927 316 2975 interdixerit
333 2928 521 2989 ingressum—l
546 2929 619 2980 Unus
641 2929 734 2980 libem.
760 2931 957 2980 rescindere-e
983 2929 1074 2978 Atreb.
1099 2929 1183 2977 Pulm.
1206 2931 1265 2978 Sus.

163 2990 240 3039 Burb.
254 2996 276 3039 l.
288 2995 313 3039 2.
325 2998 352 3038 et
365 2992 467 3054 plurimi
477 2993 583 3042 Torreu.
594 2995 684 3056 dissici,
701 2995 755 3044 sive
766 2995 845 3053 dirici,
861 3001 948 3042 ut·est
968 2993 994 3040 in
1012 2993 1104 3054 Cemp.
1126 2991 1216 3041 Colou.
1236 3000 1264 3041 et

162 3053 265 3104 Wiuck.
274 3055 386 3119 dissipari
397 3056 468 3106 held.
478 3061 554 3108 o.-o
566 3059 676 3124 Ergoqee
686 3059 815 3108 Veh-lli
827 3057 947 3122 Quinque
956 3055 1033 3107 codd.
1041 3057 1148 3106 'l'urreu
1158 3055 1264 3120 hebent,

655 3219 764 3271 NOTAE

195 3369 206 3396 ⁶
223 3363 328 3414 Maximi
343 3364 501 3429 Allobrogici]
519 3365 556 3426 lo,
575 3364 692 3417 QFubil
733 3365 774 3428 lit,
789 3371 818 3414 et
829 3379 844 3413 e
855 3364 954 3414 Milone
966 3363 1069 3414 occisus
1081 3369 1128 3414 eet.

162 3440 272 3491 Maximi
292 3441 420 3491 AEurilieni
440 3441 520 3500 filius,
543 3441 574 3490 ed
597 3439 691 3490 flumen
764 3441 928 3505 titurium]
950 3442 1042 3492 Pulvis
1061 3455 1113 3492 nun
1132 3455 1164 3490 ex
1184 3439 1263 3490 nobili

161 3517 261 3568 luerem
274 3521 329 3567 lto.
345 3517 425 3568 millio
436 3515 605 3581 Allobrogum
618 3517 691 3566 vicit.
732 3517 880 3568 Fulvioruur
901 3525 990 3582 geute,
1009 3516 1056 3566 sed
1074 3515 1158 3566 Fulvii
1181 3515 1264 3580 cujus·

193 3592 204 3627 ὓ
222 3595 254 3650 Q.
265 3593 403 3657 Pompeius]
421 3591 513 3647 Rufus,
529 3591 597 3641 baud
610 3592 692 3641 multu
733 3593 792 3642 deur
814 3593 990 3644 Bambalionis
1011 3591 1082 3652 filiu
1106 3599 1148 3640 ter
1165 3591 1263 3654 nupsit,

161 3677 219 3732 port
238 3683 295 3719 cum
312 3670 341 3718 Ι..
360 3669 481 3718 Cornelio
497 3667 569 3731 Sylla
586 3667 692 3728 Consul,
734 3669 843 3732 primum
855 3669 956 3731 clodio,
974 3667 1069 3718 deiude
1082 3665 1197 3728 Curioni,
1208 3673 1263 3715 turn

161 3743 253 3794 lreude
263 3745 382 3808 Pompeii
389 3744 525 3794 Strabonis
536 3757 617 3793 cresus
628 3749 675 3792 est.
732 3748 771 3796 Μ.
784 3745 914 3797 Antoniou
932 3747 1025 3795 mulier
1044 3743 1128 3794 virilis
1147 3741 1263 3792 sudreie

193 3822 272 3883 thu.
284 3821 323 3872 Μ.
335 3825 410 3870 8963.
439 3821 482 3870 01.
501 3825 556 3870 172.
572 3825 596 3870 2.
625 3819 690 3870 Urb.
733 3831 793 3886 post
807 3837 918 3886 pugnem
931 3821 1127 3884 Philippensem
1145 3817 1265 3867 ecelncte

163 3897 260 3950 (1.662.
287 3897 352 3948 Ant.
365 3898 413 3948 cb.
426 3901 466 3946 llll.
733 3897 821 3961 gladio
844 3897 940 3946 bellum
959 3895 1112 3944 Perusinum
1128 3893 1263 3955 excitarit,

193 3980 204 4007 ⁸
222 3975 319 4024 clodius
331 3972 444 4036 Pulcher]
462 3972 514 4024 Qui
526 3987 540 4022 e
552 3977 630 4037 geute
641 3971 692 4022 Pe·
732 3981 760 4022 et
771 3973 847 4036 prule
860 3979 920 4036 pust
930 3973 957 4022 ln
967 3971 1071 4022 Graecle
1082 3968 1171 4019 morbo
1182 3977 1209 4018 et
1218 3968 1264 4018 do·

162 4049 235 4098 tricis
246 4049 423 4112 Claudiorum,
434 4056 462 4099 ut
470 4049 598 4098 Tribunus
607 4047 691 4111 lieret,
732 4051 788 4100 lure
800 4049 887 4113 periit.

160 4127 298 4189 uplebeio
318 4127 405 4176 nescio
429 4140 480 4192 quo
499 4124 618 4188 ndupteri
639 4139 691 4174 nou
762 4125 778 4156 ⁵
795 4124 845 4174 Au.
857 4125 895 4175 Μ.
907 4127 981 4176 illle.
1012 4122 1161 4173 obruet.
1195 4121 1261 4171 Urb.

161 4203 282 4264 erubuil;
297 4203 449 4253 Ciceronem
460 4202 599 4252 inexilium
611 4215 690 4266 expu·
731 4201 760 4253 C.
771 4205 829 4252 ru.
857 4199 918 4252 Aut.
931 4199 979 4250 Ch.
990 4203 1031 4250 su.
