3050 4890
524 869 744 950 INCERTI
785 867 1053 946 AUCFORlS

632 1117 695 1230 V
723 1119 762 1234 I
791 1118 848 1236 Τ
876 1118 938 1236 Α

434 1405 773 1552 vinoun
821 1401 1148 1494 MAxrur.

246 1959 461 2048 Varenus
478 1981 669 2048 Muxruus
689 1979 774 2044 civis
789 1978 974 2059 Romanus,
990 1981 1134 2064 patricio
1149 2001 1269 2064 genere
1284 2002 1342 2049 na-

246 2091 314 2162 tus,
348 2104 478 2148 ornnem
499 2083 676 2167 pueritiam
710 2089 744 2148 et
768 2100 919 2164 magnam
947 2082 1182 2147 adolescentiae
1211 2090 1341 2166 partem

246 2185 352 2250 literis
366 2185 602 2270 percipiendis,
626 2191 661 2248 et
674 2183 822 2248 honestis
837 2183 964 2246 artibus
978 2183 1079 2247 dedit.
1123 2183 1219 2262 Inde,
1231 2190 1342 2249 sumta

246 2287 336 2350 virili
349 2295 439 2369 toga,
452 2305 488 2351 se
501 2286 637 2351 contulit
658 2285 702 2350 ad
717 2285 766 2348 rei
780 2283 937 2348 militaris
953 2284 1185 2367 disciplinam:
1207 2286 1266 2349 ubi
1281 2285 1343 2350 ali·

248 2387 396 2468 quandiu
411 2387 579 2469 stipendia
592 2386 726 2462 fecisse,
739 2391 773 2448 et
786 2386 820 2449 in
832 2383 951 2450 Asiam
967 2405 1043 2449 cum
1058 2385 1162 2451 Sexto
1178 2385 1342 2471 Pompeio

247 2489 422 2568 navigasse
447 2487 575 2550 dicitnr.
619 2485 716 2551 Unde
735 2505 901 2562 reversus,
925 2505 1001 2551 cnm
1017 2487 1146 2552 videret
1170 2508 1207 2552 se
1222 2489 1342 2573 patriae

249 2608 319 2652 suae
335 2593 404 2652 tam
416 2588 500 2655 bene
514 2587 670 2663 dicendo,
684 2605 784 2668 quam
800 2585 1045 2651 benefaciendo
1056 2607 1159 2671 posse
1172 2589 1342 2671 prodesse,

248 2707 270 2752 a
284 2708 353 2770 quo
375 2689 512 2772 incepto
536 2687 646 2752 studio
670 2687 802 2751 militiae
823 2686 931 2769 gloria
945 2687 1139 2766 detinuerat,
1153 2689 1270 2754 eodem
1293 2709 1344 2756 re-

248 2807 394 2871 gressus,
421 2789 539 2854 statuit
549 2787 639 2853 urbis
654 2787 773 2853 Romae
785 2787 1049 2872 Exterarumque
1060 2788 1221 2854 Gentium
1237 2791 1344 2856 Facta

249 2891 402 2955 simulac
418 2891 520 2957 Dicta
532 2897 718 2954 memoratu
734 2890 843 2974 digna,
867 2899 904 2955 ut
926 2893 1000 2974 ipse
1015 2890 1149 2963 fatetur,
1172 2892 1342 2957 literarum

248 2994 471 3059 monumentis
489 2991 738 3058 commendare:
761 2994 852 3077 quod
874 2993 1014 3058 feliciter
1036 3000 1072 3056 et
1094 2993 1241 3076 gloriose
1263 3013 1345 3058 con-

249 3101 383 3158 secutus
397 3100 460 3158 est.
504 3091 634 3157 Floruit
656 3095 765 3157 autern
779 3093 906 3158 'liberii
917 3091 1063 3158 Caesaris
1078 3095 1298 3176 temporibus,
1310 3100 1346 3158 et

250 3196 313 3259 sub
327 3195 401 3278 ejus
415 3194 555 3278 imperio
567 3193 653 3258 bane
673 3193 810 3276 scripsit
825 3193 1023 3271 Historiam,
1048 3193 1145 3277 cujus
1168 3197 1268 3259 etiam
1282 3214 1344 3259 nu-

249 3314 326 3358 men
341 3296 488 3359 invocat.
532 3293 757 3378 Imperatores
771 3295 858 3357 enim
876 3293 1033 3372 Romani,
1055 3313 1132 3356 cum
1148 3295 1269 3359 virtute
1283 3314 1346 3359 sua

245 3395 338 3478 juste
353 3400 531 3478 sancteque
547 3396 731 3476 gessissent
754 3395 944 3479 imperium,
969 3393 1080 3458 divino
1096 3395 1346 3460 celebrabantur

250 3495 383 3574 bonore,
411 3503 446 3559 et
474 3497 507 3559 in
538 3495 685 3559 Deorum
713 3513 887 3560 numerum
916 3495 1220 3560 transferebantur:
1256 3495 1345 3560 unde

251 3598 355 3662 etiam
376 3597 487 3662 Divos
502 3595 725 3679 Imperatores
749 3597 970 3679 appellamus.
1015 3595 1132 3660 Genus
1147 3615 1224 3660 vero
1247 3616 1346 3660 sunm

250 3705 425 3780 paternum
441 3716 462 3761 a
479 3704 578 3779 gente
593 3695 743 3773 Valeria,
765 3702 947 3760 maternum
961 3715 982 3760 a
998 3695 1109 3761 Fabia
1124 3696 1266 3762 duxisse
1281 3697 1346 3762 ler-

251 3806 319 3864 tur:
341 3797 432 3862 unde
445 3796 601 3862 Valerius
617 3796 792 3860 Maximus
814 3815 858 3859 ex
874 3803 1013 3878 utraque
1028 3795 1154 3862 familia
1175 3798 1207 3862 ei
1230 3817 1346 3863 nomon

252 3907 314 3966 est.
337 3901 411 3966 “De
427 3899 526 3984 cujus
541 3903 644 3964 morte
659 3905 748 3962 certe
762 3897 842 3962 nibil
858 3904 970 3982 potest
985 3896 1103 3961 afferri.
