3100 4898
494 423 576 474 ose.
593 421 651 473 ιιι.
676 423 725 472 nn
751 423 968 473 esrrnurrs.
1213 405 1279 473 36¹7

182 567 252 632 mul
267 574 303 631 et
328 567 594 650 desperationem
621 568 791 634 tormentis
806 569 988 653 quicquum
1010 586 1053 631 cx
1078 584 1114 632 se
1137 585 1279 650 cognos-

183 667 280 731 cendi
308 667 485 744 excussit?
508 675 540 734 et
568 669 771 753 expetenda
801 671 919 754 populi
950 669 1095 735 Romani
1120 670 1278 736 amicitias

183 787 338 850 magnam
358 769 579 852 cupiditatem
601 771 819 852 ingeneravit.
863 769 916 834 Ac
941 789 995 847 ne,
1018 769 1118 852 plura
1140 770 1281 854 hujusce

183 871 314 951 generis
328 872 484 954 exempla
498 871 588 935 domi
603 870 807 948 scrutando,⁹
829 873 955 954 saepius
978 871 1021 937 ad
1044 873 1193 938 civilium
1208 873 1280 940 bel·

183 970 290 1036 lorum
306 973 539 1039 detestandam
554 972 751 1038 memoriam
765 974 917 1056 progredi
934 993 1046 1056 cogar,
1060 973 1193 1040 duobus
1208 975 1280 1042 Ro-

184 1091 355 1138 manorum
370 1074 534 1158 exemplis
550 1081 738 1152 contentae,
754 1095 831 1159 quae
848 1081 883 1140 ut
902 1076 1162 1141 clarissimarum
1183 1075 1280 1142 fami·

184 1173 303 1240 liuram
325 1175 653 1253 commendationem,
680 1177 730 1241 ita
758 1175 883 1240 nullum
909 1177 1081 1260 publicum
1108 1196 1280 1242 maerorem

185 1277 364 1355 continent,
378 1283 515 1342 externa
530 1277 749 1342 subnectamr

636 1485 830 1535 BX'l'ERNA.

230 1619 261 1684 1.
283 1618 431 1686 Vetusto
448 1619 659 1688 Macedoniae
673 1643 767 1689 more
788 1623 857 1706 regi
873 1619 1067 1688 Alexandro
1080 1622 1282 1687 nobilissimi

187 1721 280 1805 pueri
300 1731 426 1806 praesto
450 1731 542 1790 erent
566 1727 780 1791 sacrificanti.
825 1725 855 1790 E
881 1725 1002 1808 quibus
1026 1743 1113 1790 unus
1135 1723 1283 1789 turibulo

188 1830 352 1906 arrepto¹⁰
381 1831 457 1890 ante
472 1827 578 1910 ipsum
595 1829 715 1906 astitit,
732 1829 765 1892 in
782 1827 878 1912 cujus
893 1827 1030 1892 brachio
1046 1829 1148 1892 carbo
1164 1827 1284 1891 ardens

188 1925 343 2008 delapsus
358 1932 430 1991 est:
454 1946 524 2010 quo
537 1927 603 1992 etsi
618 1929 665 1992 ita
680 1930 847 2006 urebatur,
863 1935 903 1992 ut
918 1927 1030 1992 adusti
1045 1927 1195 2011 corporis
1209 1926 1284 2012 ejus

189 2025 273 2091 odor
286 2027 328 2091 ad
345 2029 628 2092 circumstantium
642 2047 740 2092 nares
755 2029 951 2112 perveniret,
965 2036 1076 2093 tomen
1090 2036 1123 2092 et
1137 2028 1285 2092 dolorem

190 2127 321 2192 silentio
336 2129 469 2212 pressit,
484 2135 519 2193 et
529 2129 700 2194 brachium
714 2129 886 2194 immobile
902 2129 1018 2207 tenuit,
1032 2149 1074 2193 ne
1086 2127 1285 2222 sacrificium

189 2228 375 2296 Alexandri
404 2237 463 2295 aut
489 2236 691 2294 concusso¹¹
715 2229 864 2296 turibulo
891 2230 1086 2314 impediret,
1109 2235 1167 2294 aut
1193 2229 1285 2302 edito

188 2333 315 2414 gemitu
330 2332 441 2413 regias
457 2349 551 2395 aures
563 2330 786 2413 aspergeret!
829 2329 909 2395 Rex
925 2339 1099 2414 quoque,¹²
1123 2330 1286 2414 patientia

188 2433 284 2516 pueri
299 2433 403 2519 magis
418 2432 616 2510 delectatus,
641 2431 706 2496 hoc
729 2432 850 2497 certius
874 2433 1130 2516 perseverantiae
1153 2431 1286 2514 experi-

189 2539 333 2598 mentum
347 2551 477 2598 sumere
491 2532 620 2599 voluit:
643 2533 797 2598 consulto
819 2533 906 2598 enim
931 2532 1132 2598 sacrificavit
1147 2532 1287 2612 diutins,

190 2635 332 2701 necbac
345 2655 380 2700 re
394 2655 470 2700 cum
485 2653 506 2700 a
526 2635 701 2719 proposito
716 2635 851 2720 repulit.
895 2635 933 2700 Si
946 2634 1025 2699 huic
1040 2635 1199 2700 miraculo
1216 2635 1287 2699 Da·

190 2737 262 2802 rius
284 2737 478 2802 inseruisset
500 2736 640 2814 oculos:
661 2737 792 2815 scisset,
819 2735 894 2821 ejus
916 2737 1028 2820 stirpis
1051 2737 1175 2804 milites
1198 2737 1287 2802 vinci

196 3021 198 3026 y
223 2963 237 2999 δ
253 2961 303 3014 Aet
313 2977 382 3014 neres
395 2963 468 3028 Regis
478 2963 654 3028 obtuderam
662 2967 777 3030 genum
788 2967 876 3016 ederet.

224 3035 234 3061 ⁶
250 3028 280 3078 di
291 3028 384 3078 Dur-iss
394 3029 551 3094 senpemt
561 3030 604 3081 ior
612 3031 735 3094 patientia
745 3033 891 3080 niomium.

646 3186 826 3207 W&

193 3292 278 3342 reulus
289 3292 360 3342 malit
369 3291 478 3356 iscmsit,
487 3291 554 3358 qnod
566 3294 592 3344 in
604 3291 757 3359 quibusdam
768 3291 833 3344 Mes.
843 3291 981 3343 invenitur.
1009 3289 1076 3342 Mibi
1085 3291 1190 3342 emunit
1200 3305 1288 3342 verum

192 3357 313 3408 videtur?
332 3359 461 3421 liupp-tl
476 3359 539 3407 Vel.
549 3360 640 3408 mern
650 3359 850 3409 tentanda-1⁰
866 3357 911 3407 lte
922 3357 998 3420 Pigb.
1009 3371 1042 3406 ex
1060 3356 1136 3408 codd.
1152 3357 1215 3419 suis,
1231 3371 1289 3406 curn

193 3423 266 3472 Vstt.
278 3428 306 3471 et
317 3421 412 3484 Caper·
422 3421 581 3480 habuissent,
598 3428 709 3486 accepte,-
726 3423 764 3474 ita
776 3436 826 3487 quo
845 3436 877 3471 ue
889 3422 987 3472 liraud.
1001 3425 1025 3472 l.
1037 3425 1061 3472 2.
1079 3429 1107 3472 et
1117 3421 1199 3472 ceteri
1212 3419 1290 3472 codd.

193 3494 292 3550 prester
310 3485 383 3536 Leid.
401 3488 425 3536 8.
445 3486 488 3550 qoi
506 3486 585 3537 babet
601 3492 716 3550 correpto.
751 3485 814 3535 Mox
858 3485 926 3550 ltraj.
944 3489 968 3536 2.
987 3491 1015 3536 et
1029 3483 1102 3548 iring.
1117 3485 1224 3549 perstitit
1243 3499 1291 3548 pro

193 3551 290 3609 uetitit3
307 3549 380 3600 laeid.
390 3553 414 3600 t.
425 3550 548 3612 marulii.
580 3551 681 3600 Deinde
693 3549 765 3600 leid.
777 3553 801 3602 i.
813 3549 906 3614 Copes.
923 3557 951 3600 rt
967 3550 1033 3600 Toll.
1051 3550 1088 3599 itu
1106 3549 1291 3599 murmur.-

194 3619 225 3664 11
242 3615 286 3665 sic
297 3629 384 3663 omnes
395 3615 460 3664 Mne.
472 3623 499 3663 et
511 3615 583 3677 Moe.
595 3629 645 3664 nec
654 3615 730 3663 aliter
740 3615 801 3664 Ver.
812 3619 840 3665 et
851 3615 923 3680 Lips.
934 3615 1075 3676 Tbsnneri,
1091 3614 1141 3663 etsi
1152 3611 1291 3662 Torrentur

195 3677 276 3742 diest,
291 3693 369 3728 enses
379 3677 454 3728 editt.
465 3685 562 3742 preter
574 3679 645 3742 Mag.
661 3678 757 3729 hebere
773 3693 876 3728 armo.
910 3679 975 3727 Mos
987 3693 1035 3742 pro
1044 3683 1177 3742 aspergeret
1189 3676 1291 3740 Lipsius

195 3743 278 3805 nrsllt,
292 3747 430 3806 sspemrete
446 3743 507 3792 libri
517 3747 582 3793 vett.
593 3749 753 3807 msperaret,
770 3743 898 3806 prebente
908 3743 1016 3792 coloro:
1035 3743 1175 3806 Repertus,
1190 3740 1292 3790 turibulo

195 3812 237 3856 ert
247 3807 422 3870 masesele,
436 3805 528 3858 deletis
543 3808 625 3868 regius
641 3821 710 3857 uam
725 3812 870 3870 aspergeret,
886 3813 915 3856 ut
926 3806 952 3854 ln
965 3805 1037 3856 laeld.
1051 3811 1073 3855 1.
1095 3805 1121 3854 la
1139 3804 1207 3864 slils,
1224 3818 1291 3868 spor·

194 3877 277 3934 esra:
294 3869 443 3922 unuslaeid.
462 3885 530 3934 reges
545 3874 756 3935 aspergeret-12
772 3871 911 3924 Torrentur
930 3870 1056 3934 conjicit:
1074 3867 1194 3933 quso.
1227 3870 1292 3924 Mus

196 3937 356 4000 prosternito
367 3935 461 3988 Colere
491 3935 560 3986 lacet
570 3941 688 3998 comete,
703 3935 868 3998 improbante
879 3933 1001 3998 Kappio:
1015 3935 1135 3998 proposito
1152 3935 1207 3984 sine
1223 3947 1291 3997 pru-

197 4000 325 4064 positione
343 4015 436 4052 norem
485 4014 522 4052 ss.
543 3999 641 4050 etVet.
656 4006 685 4050 et
702 3999 775 4064 Mog.
808 3997 883 4050 Harl.
906 3998 1021 4064 iusuper,
1040 3999 1139 4063 depulit,
1163 3997 1291 4064 probante

691 4141 798 4194 NOTAE

360 4255 430 4311 rna
443 4258 483 4311 11.
493 4261 567 4310 8886.
585 4257 689 4310 01111
711 4262 734 4310 1.
750 4257 854 4312 Urbe.
867 4261 923 4311 sss.
940 4255 1061 4309 Anbcb.
1070 4258 1127 4308 1111.
