3050 4890
246 353 289 418 10
690 361 898 412 rusorum.

246 513 368 589 sectos,
388 516 426 574 nt
442 509 472 574 si
487 527 555 572 nou
569 505 673 572 Notis
687 507 781 584 meis,
795 509 906 570 tamon
920 503 1094 570 lodicibus
1119 507 1257 587 gratiam
1271 507 1339 571 lec·

247 622 355 682 torum
379 611 506 676 inirem.
550 609 606 674 An
630 615 836 676 consecutus
859 610 934 686 sim,
956 627 1032 693 quae
1053 608 1159 686 volui,
1175 607 1340 693 judicium

248 719 293 787 sit
306 733 410 800 penes
423 713 590 778 eruditum
610 711 778 792 lectorem,
801 710 901 795 cujus
925 710 1077 794 mquiteti
1099 716 1132 776 et
1144 709 1341 776 humanitati

248 837 303 883 me
316 833 495 898 meumque
511 812 552 878 de
565 811 704 878 Valerio
720 813 960 878 benemerendi
974 811 1120 878 studium
1133 812 1342 890 commendo,

247 919 353 986 libere
367 917 540 1002 protessus
551 914 633 980 milri
647 913 732 980 nihil
754 914 881 997 gratius
904 912 987 992 lore,
1010 931 1112 997 quarn
1127 915 1169 992 si,
1184 913 1241 978 ubi
1255 931 1343 980 erre-

248 1040 342 1100 vero,
362 1019 455 1106 quod
475 1019 616 1084 sonasse
639 1017 847 1101 smpinscule
871 1015 1001 1082 iactum
1020 1021 1083 1093 est,
1104 1015 1243 1082 meliore
1263 1014 1342 1082 edo·

250 1141 338 1189 coar.

294 1224 497 1290 Kummerus
513 1241 592 1288 vero
614 1241 721 1302 meus,
746 1223 799 1288 uir
823 1220 1091 1298 honestissimus,
1114 1226 1149 1286 et
1173 1220 1215 1285 de
1237 1219 1344 1284 literis

251 1329 337 1393 bene
366 1325 515 1392 merendi
544 1325 823 1406 studiosissimus,
860 1330 948 1390 certe
976 1323 1113 1389 emtoris
1139 1322 1346 1407 applausum

250 1429 346 1506 leret,
361 1436 483 1495 comet
493 1429 629 1494 munden
645 1430 769 1495 chartae
783 1435 816 1494 et
830 1428 1007 1494 nitidorum
1018 1433 1174 1512 typorum
1183 1433 1218 1490 et
1232 1431 1347 1491 textus

252 1529 421 1596 emendati
443 1531 607 1596 rationem
633 1529 766 1609 habuit,
789 1533 891 1614 etque
908 1529 1080 1594 modicum
1104 1527 1181 1593 libri
1199 1527 1347 1611 pretium

252 1633 394 1712 stetuit3
416 1651 516 1698 secus
539 1651 581 1698 ac
602 1632 699 1697 multi
721 1632 850 1698 iaciunt
873 1631 1085 1717 bibliopolae,
1108 1649 1247 1714 quorum
1269 1629 1347 1694 libri

253 1735 305 1798 vel
326 1735 462 1798 immani
476 1734 583 1817 pretio
596 1733 732 1800 venales
750 1738 915 1818 prostent,
936 1733 992 1798 rel
1006 1733 1120 1798 charte
1132 1732 1217 1797 adeo
1229 1729 1348 1814 putide

253 1835 416 1918 descripti
440 1843 533 1912 sunt,
553 1841 592 1900 ut
616 1854 638 1899 a
653 1836 849 1902 tractatione
863 1834 996 1900 illorum
1013 1853 1153 1918 puerum
1167 1833 1289 1917 pelvim
1314 1837 1349 1895 et

253 1956 377 2022 aquam
390 1955 552 2002 munuum
566 1937 688 2002 lotioui
702 1955 842 2020 posces,
864 1935 918 2002 vel
932 1937 1024 2020 typis
1037 1937 1156 2000 excusi
1171 1942 1248 2000 sunt
1262 1931 1349 2000 adeo

254 2040 386 2106 obtusis
401 2058 444 2106 ec
467 2037 614 2116 detritis,
637 2057 678 2104 ec
693 2039 723 2103 si
739 2058 800 2123 per
813 2039 976 2104 saeculum
990 2038 1024 2102 in
1039 2038 1137 2103 trivio
1153 2037 1349 2122 jacuissent,

253 2147 310 2208 aut
326 2141 524 2208 Hunnorum
537 2140 592 2206 rel
608 2139 821 2222 Mogolorum
835 2141 1006 2206 exercitus
1017 2141 1306 2223 superequitusset.

296 2241 414 2308 Finem
428 2241 761 2327 hujusPraeiatiouis
775 2261 863 2308 nune
878 2241 987 2308 facore
996 2261 1144 2325 possem,
1158 2242 1224 2308 nisi
1239 2242 1350 2308 adhuc

254 2345 454 2410 monendum
479 2351 578 2422 esset,
599 2344 727 2411 multos
750 2345 841 2410 viros
867 2343 999 2422 docms,
1019 2363 1145 2428 eosque
1159 2363 1229 2408 non
1247 2343 1351 2410 intimi

255 2445 420 2521 subsellii,
434 2445 470 2508 in
483 2463 524 2506 ea
539 2463 614 2506 esse
628 2445 796 2524 opinione,
817 2445 902 2510 acsi
916 2445 1086 2521 Valerios,
1111 2447 1245 2526 qualem
1265 2465 1352 2512 nuuc

254 2549 426 2624 habemus,
445 2545 603 2628 Epitome
619 2543 848 2609 tantummodo
862 2548 953 2608 esset
977 2545 1089 2628 operis
1103 2547 1250 2630 majoris,
1270 2555 1353 2614 tenr-

255 2649 351 2732 poris
370 2646 488 2731 injuria
517 2645 694 2729 deperditi.
740 2643 844 2723 Quod
870 2644 954 2710 mihi
977 2665 1148 2729 uunquam
1173 2649 1353 2731 persuade·

255 2752 349 2814 bunt.
393 2747 428 2814 N
430 2767 549 2831 amque
564 2747 812 2832 Epitomatores
823 2754 971 2814 veterum
986 2748 1186 2831 scriptorum
1197 2751 1240 2815 ed
1253 2771 1353 2818 unum

257 2869 382 2929 omnes,
392 2849 521 2926 humili,
536 2849 684 2933 simplici
699 2857 735 2916 et
748 2857 868 2935 aperto
885 2851 938 2916 usi
952 2857 1031 2914 sunt
1046 2851 1147 2935 stylo,
1159 2871 1227 2916 non
1241 2859 1352 2934 acuto,

256 2953 384 3030 luceto,
407 2959 444 3018 et
469 2951 721 3033 declamatorio,
744 2953 847 3018 sicuti
870 2973 902 3017 v.
922 2971 952 3018 c.
974 2972 1020 3017 ex
1041 2952 1157 3034 Trogi,
1172 2962 1231 3020 eut
1253 2955 1353 3036 livii,

258 3054 464 3138 aliorumque
488 3053 655 3139 Epitomis
683 3061 829 3132 constet,
858 3061 897 3119 ut
925 3055 1075 3119 omittam
1106 3055 1354 3122 Brevioriorum

258 3157 452 3239 scriptores,
474 3155 613 3222 Sextum
636 3156 778 3233 Rufum,
799 3155 1007 3240 Eutropium,
1029 3156 1231 3240 Ampelium,
1247 3157 1355 3224 Aure·

259 3256 341 3321 lium
354 3255 532 3335 Victorem,
549 3258 810 3343 Obsequentem,
822 3259 920 3324 alios.
966 3258 1096 3322 Deinde
1112 3265 1230 3324 auctor
1243 3259 1355 3325 multis

259 3358 295 3422 in
309 3357 394 3422 locis
416 3359 656 3424 adeo.Tiberio
679 3361 842 3437 adulatur,
863 3367 904 3424 ut
916 3359 1015 3443 plene
1029 3358 1121 3423 nulle
1141 3361 1225 3424 ratio
1237 3360 1356 3426 idonea

260 3460 445 3541 excogitari
457 3462 578 3542 possit,
594 3480 653 3526 cur
663 3463 712 3526 ite
727 3461 933 3544 impudenter
946 3461 1115 3526 'liberium
1126 3460 1286 3539 laudaret,
1299 3468 1358 3527 aut

202 3647 205 3654 Ι
261 3569 382 3626 auctor
395 3559 570 3644 Epitomes
593 3563 708 3627 omnia
730 3563 788 3628 illa
807 3563 885 3628 loce
906 3564 1033 3628 intacta
1056 3563 1267 3647 relinqueret,
1290 3565 1357 3630 nisi

261 3663 441 3744 superstite
466 3663 576 3727 adhuc
592 3663 745 3741 Tiberio,
771 3681 812 3729 rr.
836 3665 869 3729 9.
884 3665 916 3728 6.
942 3670 1022 3747 post
1047 3665 1161 3748 Sejani
1190 3665 1357 3730 detectum

263 3762 537 3845 conjurationem,
567 3781 624 3829 rx.
638 3765 692 3830 ll.
719 3765 795 3830 Ext.
808 3769 841 3831 4.
870 3767 1002 3830 vixerit.
1047 3767 1156 3831 Moris
1176 3769 1263 3832 enirn
1286 3773 1358 3830 eret

263 3863 394 3928 'liberii
420 3866 637 3948 temporibus,
664 3867 794 3932 adulari
815 3857 981 3952 principi3
1003 3869 1092 3952 quod
1107 3869 1222 3934 velex
1238 3868 1359 3933 Velleii
1482 3900 1485 3910 ·

263 3963 435 4028 Paterculi
457 3964 603 4030 lectione
626 3975 778 4050 apparet,
803 3989 899 4053 quem
920 3976 1028 4034 tamen
1051 3989 1147 4035 nenne
1162 3969 1358 4036 Criticorum

265 4063 491 4128 abbreviatum
506 4065 617 4132 dicere
630 4070 730 4134 ausit.
775 4069 863 4134 Etsi
878 4070 932 4136 vel
945 4071 968 4135 J
971 4071 1060 4136 ullus
1074 4073 1172 4136 Paris
1184 4073 1239 4137 vel
1254 4072 1276 4137 J
1279 4091 1358 4137 anu-

265 4163 355 4230 nrius
378 4161 592 4248 Nepotianus
608 4175 722 4236 auctor
738 4175 790 4236 est
804 4172 916 4256 operis
929 4169 1106 4238 Valeriani
1121 4172 1286 4252 hodierni,
1300 4192 1360 4238 cur
