3050 4890
511 411 598 460 rrrr
624 411 781 460 νιιιιιιιι
809 411 966 461 ιιιιιιιιι.
1245 399 1288 462 15

487 651 636 718 GERH.
656 651 764 720 JOH.
786 652 986 720 VOSSIUS

424 797 464 851 ιιι
483 801 594 852 erano
611 803 662 852 nn
678 801 886 854 rrrsrorucrs
903 802 1057 855 trusis.

236 945 409 1012 Valerium
426 945 628 1025 Maximum,
651 949 710 1032 qui
731 947 898 1014 dictorum
918 949 1148 1032 laetorumque
1165 969 1291 1016 merno-

193 1048 347 1114 rabilium
369 1050 473 1114 libros
488 1067 543 1118 rx,
558 1051 706 1134 reliquit,
726 1057 804 1134 post
818 1050 987 1116 Velleium
1011 1052 1201 1132 scripsisse,
1216 1052 1292 1116 inde

194 1151 443 1232 cognoscimus,
472 1151 562 1234 quod
587 1151 741 1218 Velleius
764 1157 944 1235 tantopere
973 1150 1128 1216 aduletur
1157 1152 1293 1235 Sejauo.

195 1249 339 1332 Scripsit
361 1252 464 1333 igitur
489 1253 520 1320 is
547 1253 726 1336 superstite
749 1252 860 1318 adbuc
889 1252 1027 1336 Sejano.
1072 1249 1121 1316 At
1132 1251 1293 1318 Valerius

195 1350 477 1436 lib.1x.eap.2.
507 1354 677 1440 sejanum,
707 1354 770 1422 sed
802 1355 975 1437 exquisito
1000 1353 1109 1437 magis
1135 1353 1295 1418 adulandi

196 1471 312 1532 genere
339 1472 460 1518 nomen
496 1455 718 1539 supprimens,
747 1456 792 1520 ob
818 1455 992 1539 perfidiam
1018 1462 1055 1522 et
1082 1456 1295 1520 ambitionem

196 1552 399 1620 horribiliter
420 1557 583 1639 exagitet,
613 1575 654 1622 ae
679 1557 810 1622 tandem
840 1556 944 1635 addit,
975 1577 1054 1624 eum
1076 1557 1194 1624 ‘omui
1220 1577 1296 1622 oum

197 1655 301 1739 stirpe
325 1675 391 1721 sua
413 1658 532 1740 populi
548 1657 692 1724 Romani
716 1657 858 1742 pedibus
883 1659 1055 1738 obtritum,
1076 1659 1177 1725 etiam
1203 1656 1296 1742 apud

198 1755 340 1834 Inieros,
355 1758 385 1822 si
400 1765 509 1826 tamen
525 1760 606 1826 illue
621 1767 774 1844 receptus
790 1766 853 1838 est,
869 1780 946 1846 quae
961 1767 1113 1838 meretur,
1126 1759 1298 1843 supplicia

198 1859 364 1942 pendere!
406 1861 552 1946 Scripsit
575 1863 677 1944 igitur
699 1869 780 1945 poet
805 1863 919 1948 Sejani
938 1863 1083 1929 oaerlem:
1105 1882 1225 1946 nempe
1238 1881 1298 1926 ex-

200 1960 313 2026 tremis
332 1959 460 2028 Tiberii
488 1963 701 2046 temporibus.
746 1963 865 2046 Stylus
893 1971 1009 2032 tumen
1031 1964 1092 2028 vix
1116 1963 1206 2046 sepit
1229 1970 1298 2028 tarn

198 2061 320 2126 bonum
335 2081 455 2128 avum.
499 2061 549 2128 Ut
563 2083 640 2128 oum
655 2063 690 2128 in
704 2064 870 2145 prooemio
886 2065 951 2130 ait:
975 2063 1079 2130 ‘Mea
1093 2064 1242 2148 parvitas
1255 2081 1298 2126 eo

195 2163 326 2246 justius
349 2163 393 2226 ad
417 2162 564 2230 levorem
586 2169 680 2231 tuum
709 2164 906 2232 decurrerit?
948 2165 1142 2230 Sententiae
1163 2183 1299 2248 quoque

200 2265 339 2332 nimium
354 2265 498 2334 meoet.
542 2261 724 2351 Propterea
736 2267 929 2330 existimare
940 2266 1063 2348 aliquis
1078 2265 1198 2349 possit,
1212 2265 1300 2329 bunc

202 2386 278 2432 esee
292 2367 410 2451 potius
424 2367 520 2430 illum
535 2366 585 2430 M.
594 2367 768 2432 Valerium
785 2366 986 2444 Maximum,
1001 2368 1059 2450 qui
1073 2385 1161 2430 auno
1175 2365 1301 2432 Christi

206 2483 327 2534 cotrv.
343 2486 419 2532 oum
434 2467 625 2534 Volusiano
642 2469 729 2550 Inrp.
748 2468 869 2532 oonsnl
883 2465 1002 2532 Rome
1024 2467 1099 2546 luit,
1116 2467 1300 2551 iterumque

205 2569 415 2634 consulatum
422 2570 529 2652 gessit
540 2589 626 2634 anno
638 2583 775 2634 ccnvn.
790 2573 827 2634 nt
837 2587 882 2632 ex
897 2567 1073 2651 Onupbrio
1087 2575 1122 2632 et
1135 2567 1212 2632 aliis
1223 2586 1302 2631 con·

206 2677 284 2738 stat.
331 2669 384 2736 lta
399 2671 490 2755 quod
500 2669 658 2736 Valerius
670 2671 705 2734 in
717 2669 921 2736 Prasstione
936 2669 995 2748 ait,
1009 2670 1213 2736 divinitatem
1227 2667 1301 2751 ejus

206 2771 437 2855 Imperatoris,
460 2771 516 2836 cui
531 2790 620 2853 opus
635 2790 730 2836 suunt
746 2771 849 2847 dicat,
872 2775 1012 2854 paterno
1027 2771 1183 2854 avitoque
1199 2770 1303 2834 sideri

206 2893 317 2958 parem
332 2872 448 2950 videri,
475 2873 511 2936 id
527 2893 590 2938 non
603 2872 646 2936 de
664 2871 772 2950 lulio,
794 2870 960 2952 Augusto,
973 2871 1177 2953 Tiberioque
1191 2872 1303 2954 aoeipi

207 2975 362 3055 debebit3
384 2975 444 3040 sed
469 2974 510 3040 de
533 2974 796 3058 imperatoribus
821 2971 1141 3052 tribusGortlianis3
1162 2991 1304 3055 quorum

209 3076 294 3140 duos
315 3078 350 3142 in
364 3074 482 3142 Africa
508 3080 638 3142 creatos
653 3075 879 3158 Imperatores
904 3074 1137 3142 Maximianus
1161 3071 1303 3152 occidit;

208 3179 324 3244 tertios
337 3198 415 3244 vero
430 3179 550 3263 prioris
563 3196 679 3260 nepos,
694 3176 835 3242 alterius
847 3175 939 3242 lilius
953 3175 1038 3256 tuit3
1059 3176 1119 3258 qui
1140 3175 1304 3257 imperare

209 3280 316 3364 eoepit
338 3299 425 3346 anno
449 3295 696 3344 oenxxxvrrr.
740 3277 820 3356 Quo
836 3277 878 3342 de
894 3276 1080 3354 Gordiano,
1101 3277 1150 3342 itu
1163 3275 1305 3359 Capito·

209 3382 299 3446 linus
314 3383 348 3446 in
362 3382 518 3448 Maximo
540 3390 575 3446 et
593 3381 767 3466 Pupieno:
791 3379 934 3464 ‘Neque
958 3399 1104 3463 unquam
1130 3379 1305 3462 quisquam

211 3484 248 3548 in
262 3483 323 3548 illa
342 3489 442 3550 relate
465 3484 516 3550 sic
540 3490 672 3548 amatus
697 3489 758 3562 est,
779 3483 897 3550 merito
922 3482 990 3559 avi,
1013 3489 1048 3548 et
1069 3480 1226 3548 avunculi
1247 3497 1306 3540 seu

211 3587 335 3670 petris„
352 3593 393 3650 ut
417 3585 555 3670 quidam
580 3585 706 3664 dicunt,
729 3585 788 3668 qui
802 3605 864 3669 pro
878 3585 1005 3668 populo
1021 3583 1178 3648 Romano
1193 3584 1307 3644 eontra

213 3689 403 3756 Maximum
418 3689 452 3754 in
469 3687 586 3754 Africa
599 3689 702 3754 vitam
716 3685 888 3754 finierant?
931 3685 1000 3752 Sed
1019 3704 1101 3750 eave
1116 3683 1191 3746 baso
1215 3679 1307 3744 deoi-

212 3791 318 3874 piaut·
361 3790 456 3856 Nihil
469 3790 557 3854 enim
569 3790 693 3867 verius,
704 3807 804 3872 quam
818 3787 906 3854 huno
922 3785 1189 3852 Memorabilium
1203 3782 1309 3863 scrip·

213 3900 318 3958 torem
333 3893 435 3958 multo
448 3911 526 3958 esse
542 3890 782 3973 antiquiorem
803 3888 941 3972 quando
960 3894 997 3952 et
1011 3886 1156 3962 Gellius,
1171 3884 1227 3967 qni
1244 3883 1306 3947 sub

215 3995 390 4062 Hadriano
401 3995 499 4071 vixit,
519 3993 593 4078 ejus
605 3991 873 4060 Memorabilium
891 3989 996 4054 libros
1010 3985 1225 4054 advocatlib.
1237 4001 1309 4048 xrr.

215 4116 292 4181 cap.
307 4098 341 4162 7.
384 4095 493 4162 Immo
513 4100 637 4160 certum
664 4100 724 4173 est,
752 4094 816 4158 suh
837 4091 973 4158 Tiberio
987 4091 1136 4156 vixisse:
1159 4086 1309 4172 quondo·

217 4199 353 4283 quidem
376 4198 451 4282 ipse
473 4197 530 4264 lib.
547 4213 586 4264 ιι.
602 4217 675 4282 cap.
689 4197 720 4262 S.
743 4216 782 4262 se
799 4195 916 4262 Asiam
939 4214 1014 4260 curn
1037 4193 1119 4258 Sex.
1144 4189 1308 4273 Pompeio
