3050 4890
352 469 359 484 ,
495 412 949 464 virnvinusuunxrnr.
1063 447 1068 454 .
1226 398 1268 464 17

168 565 230 626 ant
244 559 274 624 si
289 559 420 624 Probus
434 563 550 625 unctor
564 559 641 624 libri
656 557 748 622 illius
765 556 838 635 init,
848 553 1005 640 Epitome
1016 553 1114 620 erite
1127 554 1268 640 Poride;

169 661 260 746 quod
276 661 408 726 odorari
422 661 503 726 lieet
526 681 571 724 ex
587 659 791 725 Proeletione
805 659 876 736 illu,
900 677 976 741 quae
998 662 1050 722 est
1070 657 1106 722 in
1120 658 1269 726 libellum

171 757 216 830 de
231 763 499 848 pronominibus:
523 781 565 826 eu
578 761 773 846 hansmodi
787 768 858 824 est:
893 765 903 794 ‘
921 759 1082 824 Decimus
1105 766 1205 844 etque
1219 763 1268 826 ul·

170 867 275 930 timus
289 865 387 949 hujus
397 866 509 948 operis
523 865 621 944 liber,
636 885 697 928 sen
712 863 937 928 studiosorum
949 863 1076 941 inertie,
1093 881 1153 928 sen
1164 866 1269 949 scrip·

170 972 277 1032 terum
292 967 444 1050 segnitia,
466 985 525 1031 seu
541 966 607 1031 olio
631 969 752 1050 quovis
768 953 850 1032 casu
866 966 962 1030 eetntl
976 972 1099 1031 uostrae
1119 967 1269 1051 perditus

171 1074 236 1133 est.
278 1067 403 1132 Verum
417 1066 529 1132 Julius
541 1067 652 1146 Poris,
675 1069 888 1134 abbreviator
901 1065 1042 1146 Valerii,
1056 1076 1136 1151 post
1149 1088 1270 1134 novem

170 1168 275 1238 libros
289 1169 481 1253 explicitos,
504 1170 593 1234 bunc
614 1169 781 1235 decimum
796 1171 860 1235 sub
875 1167 1098 1254 infrascripto
1113 1190 1269 1254 compen·

175 1268 234 1334 dio
248 1269 446 1353 complexus
459 1275 528 1334 est:
550 1289 612 1352 per
627 1271 720 1353 quod
742 1271 785 1334 de
805 1271 994 1334 nominibus
1008 1271 1114 1336 tuisse
1130 1272 1270 1336 eundem

172 1387 195 1434 a
208 1369 346 1435 Valerio
372 1371 606 1454 compositum,
631 1372 820 1456 conjecture
844 1369 946 1436 lieet!
990 1371 1058 1436 Sed
1079 1372 1156 1450 hoe,
1178 1374 1270 1456 quod

171 1471 274 1549 affert,
300 1478 523 1555 argumentum
538 1472 667 1538 Valerii
682 1481 736 1539 est
748 1473 924 1538 infirmnm.
968 1473 1087 1538 Potuit
1100 1475 1185 1539 enim
1202 1475 1270 1540 Pa·

172 1575 221 1639 ris
235 1574 355 1639 librum
377 1575 418 1638 de
432 1575 626 1640 nominibus
641 1575 850 1660 subjungere,
866 1594 935 1639 nen
949 1582 987 1640 ut
1001 1573 1171 1640 Velerieni
1196 1579 1272 1644 libri

172 1678 275 1748 unius
289 1677 534 1761 compendium,
557 1679 618 1743 sed
630 1683 669 1743 ut
686 1677 833 1744 omnium
847 1675 978 1743 Valerii
992 1677 1147 1742 librorum
1162 1677 1271 1744 secem

173 1797 214 1842 eo
238 1781 522 1846 commentarium.
568 1780 682 1860 Quare
709 1782 759 1846 sio
783 1783 928 1844 statuere
953 1779 1078 1854 malim,
1101 1777 1271 1846 Valerium

174 1879 286 1963 ipsum
312 1883 539 1946 memorabilia
564 1884 762 1967 scripsisse:
792 1883 910 1947 borum
926 1881 1103 1965 Epitomen
1124 1881 1273 1946 edidisse

176 1979 353 2048 Paridem:
376 1983 516 2048 eundem
542 1983 721 2067 reliquisse
744 1984 865 2048 librum
888 1983 930 2047 de
945 1982 1152 2047 nominibus:
1173 1980 1272 2067 buju's

174 2082 252 2148 libri
276 2085 513 2167 compendium
539 2085 662 2150 iecisse
676 2085 834 2150 Probum.
879 2082 982 2162 Quod
1007 2085 1108 2148 etiem
1137 2091 1275 2166 arguunt

174 2185 252 2264 istu,
266 2205 343 2268 quae
359 2187 485 2250 ibidem
499 2187 660 2252 continuo
676 2192 870 2269 sequuntur.
913 2183 1028 2248 Verbo
1041 2184 1273 2268 quidemJulii
1316 2177 1318 2180 ’

175 2287 308 2352 Paridis
332 2287 406 2352 heeo
430 2295 526 2350 sunt:
559 2287 686 2351 ‘Liber
715 2285 866 2350 decimus
889 2285 930 2350 de
952 2286 1212 2368 praenominibus
1238 2295 1273 2354 et

174 2387 343 2452 similibus
352 2387 371 2452 :’
399 2387 557 2470 Sequitur
584 2385 725 2450 deinde:
748 2383 906 2450 ‘Decimi
932 2385 1031 2470 hujus
1054 2389 1168 2471 operis
1196 2390 1275 2455 libri

174 2510 238 2576 per
252 2487 429 2554 offitium
448 2487 596 2551 Probum
612 2485 788 2570 Epitome.’
831 2485 937 2553 Porro
960 2487 1058 2567 bunc,
1081 2508 1148 2554 non
1169 2491 1272 2557 aliurn

174 2593 325 2660 libellum
349 2590 516 2654 intellexit
539 2587 694 2654 Aloiatus
716 2588 1132 2672 lib.1v.dispunctiouum
1155 2611 1230 2676 cap.
1241 2595 1272 2658 1.

177 2715 253 2761 cnm
266 2693 390 2758 bebere
400 2712 437 2757 se
451 2691 652 2778 opusculum
668 2691 716 2758 uit
726 2691 855 2758 Valerii
870 2691 1016 2758 Maximi
1028 2693 1069 2758 de
1082 2694 1273 2760 nominibus
1294 2727 1296 2734 v

179 2795 420 2861 Romanorum.

248 4361 367 4429 neptes
378 4356 437 4414 Ver.
448 4362 511 4411 Cirr.
664 4360 717 4411 Vol.
726 4361 796 4412 Mun.
