3126 4902
552 415 633 464 cse.
650 415 715 465 vn.
740 415 788 466 na
812 415 978 466 sonans.
1248 397 1315 465 los

217 557 298 642 poni
317 557 469 642 jubendo
483 567 515 623 ι’
538 559 620 642 quia
643 559 796 624 similiter
820 561 944 644 quietis
967 559 1171 646 temporibus
1195 559 1313 625 existi-

217 667 378 739 maverat,
401 661 538 744 genitali
552 668 646 746 parte
663 661 853 726 Mandanes
881 669 1013 728 enatam
1038 664 1138 726 vitem
1166 681 1313 746 eousque

217 761 376 841 crevisse,
401 761 506 826 donec
517 769 658 826 cunctas
675 763 916 828 dominationis
931 783 1003 828 suae
1019 771 1128 847 partes
1144 763 1313 828 inumbra·

217 869 289 948 ret„
322 863 391 928 Sed
405 863 580 928 smstratus
594 869 674 928 est'
695 883 732 928 se
755 865 843 947 ipse,
868 865 998 948 nepotis
1020 865 1228 942 felicitatem,
1243 885 1312 930 coe·

216 964 349 1028 lestium
359 964 489 1048 Judicio
503 965 714 1042 destinatam,
741 965 895 1030 humanis
911 967 1061 1031 consiliis
1073 967 1235 1050 impedire
1251 987 1311 1032 cc-

215 1061 351 1130 nando!
1086 1099 1094 1116 ·

257 1167 290 1232 6.
311 1166 402 1234 laba
415 1168 587 1252 privatum
601 1173 712 1232 autem
727 1167 877 1232 habitam
904 1167 1070 1254 Dionysio
1096 1169 1311 1253 Syracusano

217 1269 327 1336 adbuc
342 1289 381 1334 se
396 1271 606 1347 continente,‘
628 1267 817 1346 Himerae,⁶⁷
840 1270 995 1353 quaedam
1021 1290 1087 1335 non
1102 1273 1235 1336 obscuri
1256 1291 1313 1352 ge-

215 1372 301 1436 neris
313 1371 465 1451 foemina,
474 1371 716 1456 interquietem
726 1372 883 1455 opinione
894 1391 956 1437 sua
970 1373 1094 1437 coelurn
1109 1373 1312 1451 conscendit,

218 1480 322 1556 atque
347 1472 473 1538 ibidem
501 1470 690 1538 Deorum⁶⁸
713 1474 859 1538 omnium
888 1473 1040 1537 lustratis
1069 1473 1217 1552 sedibus,
1240 1475 1311 1538 aui·

217 1573 399 1640 madvertit
413 1575 653 1658 praevalentem
670 1573 775 1638 virum
789 1573 868 1640 flavi
881 1575 1016 1652 coloris,
1026 1575 1218 1657 lentiginosi
1232 1577 1311 1652 oris,

217 1674 331 1739 ferreis
346 1676 472 1740 catenis
487 1676 643 1754 vinctum,
657 1675 680 1739 J
683 1677 756 1740 ovis
768 1677 869 1754 solio,
884 1675 1091 1760 pedibusque
1105 1678 1310 1762 subjectam:

214 1778 480 1862 interrogatoque
496 1777 632 1862 juvene,
648 1797 716 1862 quo
732 1778 962 1843 considerandi
989 1778 1067 1842 coeli
1091 1777 1176 1842 duce
1201 1777 1311 1844 iuerat

217 1897 291 1956 usa,
313 1880 487 1962 ‘quisnam
501 1885 591 1945 esset
601 1878 628 1943 ‘l'
650 1880 765 1960 audiit,
788 1881 897 1944 ‘illum
923 1880 1050 1944 Siciliae
1075 1885 1175 1964 atque
1200 1879 1309 1944 Italiae

215 1977 321 2044 dirum
334 1997 411 2044 esse
426 1977 551 2060 iatum,¹
574 1979 955 2064 solutumque'vinculis,
970 1980 1084 2044 multis
1099 1981 1237 2045 urbibus
1250 2001 1309 2046 ex-

214 2078 277 2142 itio
291 2079 456 2145 saturum:
473 2081 566 2164 qnod
582 2081 746 2144 somnium
762 2085 897 2164 postero
911 2080 967 2144 die
982 2097 1131 2144 sermone
1148 2081 1309 2162 vulgavit.

215 2179 401 2263 Postquam
417 2181 538 2248 deinde
557 2182 759 2265 Dionysium
778 2183 935 2246 inimica¹
956 2183 1197 2264 Syracusarum
1210 2181 1309 2244 liber-

214 2283 288 2360 tati,
304 2283 543 2368 capitibusque
559 2283 742 2347 insontium
757 2283 877 2346 infesta
891 2281 1028 2346 fortuna
1042 2281 1173 2346 coelesti
1195 2287 1308 2346 custo·

245 2469 253 2498 e
269 2463 336 2517 Data
346 2467 476 2532 Dionysias
486 2467 730 2534 oymmuaaaae
739 2472 800 2518 esset
808 2466 924 2532 privetu·

669 2591 846 2616 ”eunoun

212 2681 276 2726 -67
293 2676 353 2728 Vet.
363 2676 454 2726 tinem
463 2677 570 2740 pudeat
578 2692 589 2736 ,·
605 2682 633 2726 et
643 2677 680 2726 sic
692 2677 717 2726 ia
730 2678 787 2727 aliis
798 2677 858 2729 edd.
870 2678 950 2744 antiq.
976 2677 1007 2728 Pi
1026 2677 1083 2727 bins
1102 2678 1169 2740 conj.
1184 2677 1307 2728 florem

211 2743 334 2804 qroedsrs:
350 2741 396 2790 sed
408 2741 540 2804 vulgatam
550 2739 702 2792 confirmant
714 2757 802 2792 omnes
813 2742 964 2793 'romaniani
977 2757 1007 2792 eo
1026 2743 1118 2792 d.-oa
1135 2741 1228 2804 Capes-
1237 2746 1307 2804 etque

210 2806 246 2855 ibi
255 2806 368 2854 Deorum.
402 2805 466 2854 Mox
476 2807 502 2854 iu
512 2807 606 2856 Venet.
617 2811 642 2855 b.
659 2813 688 2856 et
699 2807 756 2856 aliis
768 2805 825 2856 edd.
839 2814 905 2857 vett.
922 2822 966 2870 pao
975 2807 1058 2868 grstia
1065 2805 1226 2856 maddemudi
1236 2805 1307 2862 colis

213 2871 264 2929 vel,
280 2885 325 2932 quo
339 2869 499 2919 condamnati
517 2870 570 2918 coeli
584 2870 676 2932 gratim
693 2871 762 2920 solus
781 2871 873 2920 Heius.
892 2876 916 2921 1.
937 2871 1016 2920 babet
1035 2871 1098 2919 illud
1114 2871 1204 2931 nutis.
1231 2869 1305 2918 llari.

212 2935 322 2995 quidnam
331 2939 390 2982 esset
403 2947 450 2997 pro
461 2933 568 2996 anisam
579 2939 647 2984 met.
682 2933 735 2984 Pro
745 2935 824 2984 ambs
835 2935 909 2998 longe
921 2935 1005 2998 major
1019 2933 1095 2983 codd.
1115 2941 1142 2982 et
1160 2933 1218 2982 edd.
1237 2947 1306 2994 para,

211 2999 320 3046 audivit:
345 2998 438 3062 copes.
455 2998 533 3046 audit
549 2998 641 3048 Sicilia
659 3003 731 3062 atque
749 2999 832 3048 ltalioe
850 3013 898 3049 ease
915 3000 995 3048 diram
1006 2997 1098 3059 summ,
1117 2997 1211 3045 omisso
1229 2995 1305 3056 illas,

700 3111 812 3162 Nom

246 3203 492 3267 'Exposijateadd
510 3205 649 3257 Gravidam
664 3206 739 3258 adse
779 3207 822 3257 dia
839 3205 945 3268 rictum,
968 3205 1008 3254 rel
1029 3201 1097 3268 apud
1116 3215 1144 3251 se
1162 3201 1188 3250 in
1208 3201 1305 3250 bonore

212 3277 291 3328 tiliam
303 3293 334 3328 eo
345 3279 424 3343 jussit
440 3281 530 3345 acciri,
547 3289 577 3332 ut
594 3283 643 3333 snb
659 3282 739 3348 ipsios
778 3282 915 3346 babniaat
923 3279 1004 3330 tradit
1012 3277 1178 3339 Herodorum
1191 3276 1232 3326 vel
1242 3275 1304 3326 llir·

211 3355 291 3406 oculis
310 3361 397 3419 partas
416 3363 562 3408 necaretur.
594 3359 680 3409 Natus
700 3360 739 3409 in·
777 3370 901 3407 canoram
913 3356 985 3420 genti
1001 3352 1153 3418 praeposuit,
1166 3359 1194 3402 ut
1206 3351 1248 3400 alii
1260 3365 1303 3400 uo·

211 3430 268 3482 sans
286 3431 364 3481 datur
382 3431 507 3496 Harpago
523 3431 694 3484 occidendus:
712 3437 740 3484 at
778 3433 842 3483 lunt.

212 3507 233 3558 is
252 3508 360 3571 veritus,
384 3521 428 3569 ae,
447 3507 468 3556 si
490 3515 590 3558 mortuo
613 3509 684 3572 Rege
704 3508 737 3558 sd
810 3509 825 3538 ⁸
842 3506 893 3560 An.
905 3505 944 3556 Μ.
957 3508 1030 3556 8459.
1047 3503 1090 3554 ot.
1105 3507 1180 3554 adt.
1194 3499 1259 3551 Urb.
1272 3499 1303 3548 C.

211 3583 365 3634 Mandanen
388 3584 501 3634 venisset
522 3584 666 3649 imperium,
693 3585 738 3634 illa
778 3582 1031 3635 158·Ant.Cb.tbl.

210 3659 296 3708 necati
306 3659 381 3724 paeri
392 3659 515 3710 ultionem
527 3673 543 3708 a
554 3659 670 3710 ministro
681 3660 735 3709 exi·
807 3667 821 3693 ¹
837 3659 979 3724 Dionysiam
995 3656 1100 3716 marku,
1109 3653 1162 3717 aa]
1178 3653 1258 3704 Simul
1273 3657 1303 3701 ut

211 3741 292 3798 geret,
312 3733 436 3785 infantem
454 3733 633 3799 exponendum
656 3735 736 3786 tradit
776 3727 1303 3800 Agrigentumcarthaginiensibascap·

211 3811 306 3873 pastori
318 3811 562 3875 ragioMitbridati;
578 3812 652 3876 qu'us
661 3825 735 3874 uxor,
775 3819 829 3861 tum
846 3809 927 3860 audiit
941 3807 1093 3870 Dionysius,
1104 3805 1174 3854 illico
1191 3805 1300 3870 Syracu·

209 3901 267 3951 qnae
286 3894 339 3936 tum
361 3885 429 3936 sorte
444 3895 571 3936 mortuum
587 3893 735 3951 pepererat,
775 3888 810 3936 sis
826 3885 929 3950 plebem
946 3881 1074 3940 advocat3
1091 3893 1198 3944 eamque
1211 3879 1303 3928 adser-
1402 3929 1404 3934 ,

210 3969 349 4012 commutat
361 3975 462 4026 pueros,
472 3961 645 4026 Astyagisque
656 3975 735 4024 nepo·
775 3975 818 4010 sas
838 3961 975 4024 optimates
998 3957 1120 4018 concitat,
1138 3955 1211 4019 quasi
1227 3954 1303 4018 Agri·

210 4047 262 4086 tem
275 4037 322 4086 alit
333 4051 379 4100 pro
390 4049 445 4086 suo.
776 4043 880 4101 gentum
901 4031 1017 4082 hostibus
1039 4029 1230 4094 prodidissent:
1254 4030 1303 4080 sic·

241 4121 258 4147 '
275 4114 468 4178 Frustratasest]
485 4113 536 4164 Ubi
545 4113 612 4164 euim
621 4111 738 4162 adolevit
775 4125 826 4178 qne
848 4114 975 4172 occupata
992 4105 1129 4171 tyrannide
1148 4105 1302 4172 paulopost

211 4192 303 4254 Cyrus,
324 4207 339 4240 a
358 4191 446 4240 Persis
466 4191 567 4254 agnitus
593 4189 735 4254 Astyagem
778 4182 1123 4251 Carthaginiensesesieilia
1135 4181 1244 4248 expulit.

210 4267 279 4318 bello
290 4267 375 4334 petiit,
386 4267 508 4332 illumque
525 4265 642 4330 Harpagi
660 4261 739 4328 perti·
