3126 4902
380 441 463 489 (ιιι.
480 440 519 487 ιι.
544 439 592 488 na
617 435 921 488 usoisrasrnuu
947 434 1117 486 osricus.
1232 421 1298 486 '249

203 581 336 657 tiamm,
358 580 510 664 jocantes
530 579 648 644 obuios
670 577 882 661 petiverunt:
905 575 1005 662 eujus
1035 577 1212 644 hilaritatis
1226 597 1296 643 me·

203 681 311 745 moria
325 701 435 746 annuo
446 682 583 747 circuitu
598 678 767 746 seriarumi
790 679 963 762 repetitur.
997 676 1203 744 lrabeatosl
1217 699 1297 746 varo

203 783 334 865 equites
350 778 487 848 idibus*
510 782 532 846 J
536 778 666 848 uliis⁴¹¹
688 779 733 860 Q.
750 781 907 846 Fabius¹²¹
929 781 1117 846 transvolem
1138 781 1295 848 instituit.

663 941 838 963 om

201 1025 277 1078 eodd.
294 1027 368 1078 oleati
386 1027 481 1088 motos:
498 1027 618 1078 undecim
636 1026 711 1078 codd.
731 1027 805 1076 esea
825 1026 919 1084 misia:
936 1024 1015 1076 Barb.
1031 1029 1056 1074 2.
1075 1031 1104 1074 et
1121 1025 1219 1077 Medic.
1237 1033 1297 1079 ad.

199 1092 273 1140 eiaeti
283 1094 353 1143 ooloa
387 1094 449 1142 Mox
460 1093 529 1143 idern
541 1093 648 1156 Pighius
660 1107 693 1142 ex
711 1090 865 1157 quibusdam
882 1091 959 1140 codd.
978 1089 1077 1140 notavit
1086 1089 1195 1150 jenantes
1208 1095 1297 1154 gartia·

200 1161 272 1206 nat:
297 1157 388 1221 llltraj.
409 1161 433 1206 l.
451 1159 602 1208 mliumat.
635 1155 689 1206 Pro
706 1154 837 1206 mausum
855 1155 970 1204 nonnulli
990 1155 1188 1205 bealorum-tl
1208 1155 1298 1220 Longa

202 1220 284 1285 maJor
295 1237 356 1285 para
366 1220 442 1272 codd.
461 1237 518 1273 eum
534 1221 595 1271 edd.
607 1230 667 1272 aute
678 1221 798 1285 Pighiuru
809 1219 915 1282 babent,
926 1219 998 1269 Jsttt.
1031 1219 1133 1268 Deinde
1150 1220 1226 1270 Harl.
1244 1235 1297 1270 cusa

696 1345 805 1400 NOTAE

231 1444 237 1478 ¹
256 1445 391 1509 aeneos]
408 1445 493 1496 Perire
508 1459 525 1494 a
541 1443 664 1495 feriendis
676 1443 727 1494 vle-
769 1441 890 1508 pitolium
901 1441 987 1506 plebe,
1004 1448 1066 1508 quot
1082 1441 1137 1492 dier
1156 1442 1190 1492 ad
1210 1442 1297 1494 Nonas

200 1521 269 1576 timis
280 1520 374 1584 dictu
391 1521 450 1572 alise
461 1521 583 1585 publicar,
599 1521 657 1570 alias
675 1519 727 1583 pri·
767 1527 945 1583 superessent,
964 1517 1012 1567 bae
1040 1515 1150 1566 formula
1171 1518 1297 1582 praedica·

200 1603 281 1646 rata:
309 1596 470 1660 publieamm
491 1609 587 1660 genera
608 1602 726 1660 quatuor.
769 1595 828 1644 bat:
846 1595 873 1644 Si
889 1595 1012 1659 quinque,
1029 1595 1115 1644 ‘Dies
1134 1593 1249 1660 quinqua
1269 1603 1296 1646 ta

200 1685 220 1720 ι.
246 1671 366 1732 Statirae,
390 1672 465 1722 stutis
492 1671 583 1722 diebus
606 1671 728 1720 universo
768 1685 842 1733 voco,
861 1671 932 1722 douo
966 1669 1095 1720 Novella!
1137 1671 1163 1718 tli
1186 1679 1298 1735 septam,

199 1748 295 1812 populo
311 1762 464 1798 communes.
498 1762 529 1798 rr.
549 1747 726 1812 concaptivus,
766 1747 851 1795 ‘Dies
862 1753 963 1810 septem
976 1753 1002 1795 te
1012 1743 1298 1807 voco,JuuoNovella.'

199 1839 266 1889 quse,
287 1825 327 1874 vel
346 1839 361 1874 s
378 1823 573 1886 Sacerdotibus,
590 1825 630 1873 vel
641 1837 657 1872 a
669 1825 726 1872 illa-
768 1823 862 1886 Noun,
874 1824 947 1889 quasi
958 1837 1031 1872 novae
1050 1821 1236 1873 observationis
1247 1821 1296 1872 ini·

198 1900 349 1963 gistratlbus
360 1902 386 1950 iu
400 1908 486 1950 curtos
505 1901 561 1950 dies
578 1899 726 1964 concipiun·
766 1900 846 1961 tium;
865 1901 916 1962 val,
933 1898 1000 1964 quod
1019 1898 1051 1948 ab
1071 1913 1103 1948 eo
1121 1899 1163 1948 slis
1181 1899 1214 1948 ad
1233 1899 1296 1954 Idus

198 1982 250 2038 tur,
266 1984 295 2025 ut
314 1977 413 2026 Larium
430 1975 512 2028 ferire
547 1991 590 2028 ιιι.
607 1975 724 2039 impara-
766 1989 857 2026 nouem
868 1975 924 2026 dies
942 1983 1104 2040 putarentur.
1138 1975 1187 2024 llis
1203 1975 1296 2028 diebus

198 2054 270 2114 tiva,
287 2068 352 2117 quas
365 2067 413 2117 pro
429 2053 547 2117 imperio,
563 2067 609 2102 seu
620 2053 724 2110 Consul,
765 2051 820 2100 Rex
832 2053 968 2101 Sacrorum
983 2051 1061 2102 serias
1072 2063 1217 2133 menspruas
1228 2069 1297 2117 prat·

197 2141 243 2177 seu
257 2129 358 2178 Praetor
377 2128 534 2179 indicebant.
567 2141 608 2178 ιν.
626 2127 725 2177 Nundi·
763 2126 876 2177 dicebat.
919 2127 993 2188 Idus,
1028 2128 1067 2176 sel
1091 2127 1125 2178 ab
1148 2143 1197 2178 ove
1218 2129 1296 2191 lduli,

198 2217 247 2260 uae,
264 2202 356 2267 quibus
367 2202 556 2252 conveniebant
567 2202 668 2264 rustici,
685 2216 724 2252 rs·
764 2218 822 2268 quae
843 2204 892 2252 boc
916 2203 958 2253 die
987 2203 1175 2265 immolabatur,
1199 2203 1240 2254 vel
1262 2204 1295 2255 ab

198 2277 454 2342 bussuisproulauri.
488 2275 571 2326 Feriis
589 2291 652 2325 seru
673 2277 724 2340 prl-
765 2279 972 2330 Hetruscauoca
987 2279 1083 2338 ldanre,
1102 2281 1211 2342 tineent,
1228 2277 1294 2330 disl-

198 2365 275 2417 vatae‚
299 2356 356 2404 aliae
378 2353 535 2403 familiarum
556 2353 678 2418 propriae,
696 2361 724 2402 ut
765 2353 837 2419 ders,
852 2354 920 2419 quod
942 2368 1054 2404 mansam
1075 2357 1138 2404 duas
1161 2355 1187 2403 lu
1208 2362 1295 2418 partas

197 2430 340 2492 Corneliae;
356 2429 413 2478 alte
427 2441 604 2490 personarum,
621 2437 649 2477 ut
669 2427 725 2478 dies
765 2446 847 2496 prope
860 2433 973 2498 aquales
986 2429 1113 2480 dividant.
1138 2445 1169 2481 ιι.
1197 2431 1295 2481 Kalou-

197 2505 306 2556 uatalas.
349 2499 523 2567 ‘Feriarum
551 2501 725 2568 fastorumque
765 2507 806 2557 dre
818 2517 916 2558 certam
936 2507 1023 2556 sedem
1042 2521 1145 2572 seniper
1157 2513 1296 2572 occupant,

197 2581 265 2630 ratio
285 2577 312 2644 iu
332 2579 421 2632 liberis
440 2578 582 2644 requietem
601 2577 679 2628 lubet
695 2579 725 2627 li·
766 2569 876 2648 primum
888 2583 1012 2648 cujusque
1024 2583 1118 2632 mensis
1136 2582 1218 2632 diem:
1241 2583 1294 2633 No·

196 2657 261 2708 tium
278 2665 307 2708 at
322 2656 484 2722 jurgiorum
505 2655 532 2704 in
552 2654 644 2717 sorvis,
663 2669 725 2719 ops·
765 2673 804 2710 rus
823 2665 851 2710 et
874 2659 936 2708 ldus
955 2674 1005 2708 nou
1027 2659 1098 2709 iteua
1134 2658 1167 2708 Iu
1186 2658 1294 2722 Martio,

196 2748 251 2783 rum
262 2740 291 2785 et
302 2730 436 2784 laborum!
463 2731 557 2782 Cicero
569 2729 600 2780 da
612 2729 724 2796 Legibus
762 2735 843 2797 Maio,
857 2734 938 2800 Jullo,
950 2743 977 2785 et
986 2733 1104 2796 Octobri,
1121 2735 1204 2786 Noua
1214 2735 1294 2800 septi-

195 2807 240 2858 lib.
253 2821 284 2858 ιι.
763 2825 843 2874 mum,
854 2809 916 2860 Idus
927 2811 1056 2862 decimum
1067 2811 1200 2876 quintum:
1218 2811 1244 2862 in
1253 2825 1295 2862 ra·

224 2881 234 2924 ³
254 2881 391 2946 Trabeutos]
408 2881 546 2932 Suetonius
568 2880 638 2946 apud
665 2879 724 2932 Ser·
762 2883 837 2951 liquis
850 2886 932 2936 Nouae
944 2885 1071 2950 quintum,
1090 2885 1152 2935 Idus
1164 2885 1294 2936 decimum

196 2961 266 3011 ulum
285 2961 336 3010 tria
351 2960 497 3010 trabearum
516 2974 613 3025 genera
632 2959 724 3011 distin·
763 2962 879 3012 tertium.
895 2961 988 3026 Sisque
1000 2961 1075 3011 nonis
1085 2960 1160 3010 modo
1172 2969 1295 3025 quatuor,

195 3037 269 3102 guin
285 3051 363 3086 nuum
374 3049 389 3084 a
400 3037 455 3086 sola
467 3050 581 3102 purpura
592 3035 653 3086 Diis
664 3049 724 3086 oon·
763 3037 840 3088 modo
857 3052 903 3087 saa
920 3038 976 3088 dias
997 3038 1163 3090 tribuuntur:
1180 3051 1294 3101 semper,

195 3117 342 3172 saeratum3
359 3111 468 3161 alterum
478 3125 493 3161 a
505 3125 618 3176 purpura
629 3115 656 3160 et
667 3125 725 3161 coe·
763 3121 791 3163 et
812 3112 903 3162 idibus
922 3127 1025 3178 uorem,
1040 3120 1068 3164 et
1090 3111 1216 3162 Kalendis
1233 3127 1292 3162 sax·

195 3202 229 3237 eo
240 3185 379 3250 augurale5
397 3185 502 3237 tertium
514 3202 529 3237 e
540 3201 654 3251 purpura
665 3187 724 3238 albo
763 3187 855 3239 decim.

195 3261 284 3312 colora
291 3261 406 3311 intents:
419 3276 479 3326 qua,
487 3275 545 3312 eum
556 3264 651 3326 Reges,
662 3270 725 3327 tum,
796 3263 802 3298 ¹
818 3262 905 3328 dalila]
922 3263 986 3314 Cum
998 3277 1013 3312 a
1023 3276 1111 3313 meme
1120 3263 1218 3312 Martio
1229 3263 1292 3313 au'ni

193 3339 295 3388 essetis
306 3336 430 3401 Regibus,
440 3337 599 3388 etGouanles
610 3347 638 3389 et
646 3339 722 3404 Equi·
764 3341 919 3405 principium
949 3346 1092 3403 peteretur,
1119 3339 1162 3388 bie
1192 3337 1296 3402 mensis,

194 3419 314 3476 tes,oum
333 3411 423 3463 Idibus
434 3411 592 3465 Quintilibus
608 3421 723 3466 mensua-
764 3417 831 3484 quod
852 3415 885 3466 ab
902 3431 933 3466 eo
951 3416 1055 3481 quintus
1074 3421 1151 3480 amet,
1167 3415 1293 3468 Quintilis

194 3491 328 3547 iterentur,
341 3489 380 3540 usi
392 3496 461 3540 aunt.
764 3493 849 3544 dietus
867 3500 925 3543 est:
943 3507 1086 3558 nomenque
1097 3505 1180 3552 auum,
1195 3491 1292 3542 lanua·

227 3564 239 3598 ¹
254 3565 349 3630 Idibus]
368 3566 475 3618 Romani
489 3579 590 3616 menses
609 3567 724 3633 singulos
764 3571 802 3619 rio
813 3577 840 3620 et
852 3569 994 3620 Februario
1012 3569 1123 3618 aNunra
1134 3565 1240 3629 additis,
1252 3579 1292 3615 re·

195 3649 248 3694 tres
258 3643 283 3692 iu
296 3652 386 3707 partes
405 3641 566 3706 tribuebant,
581 3643 724 3710 Kalendas,
765 3646 851 3696 tinuit.
875 3645 912 3696 At
923 3645 961 3696 Μ.
971 3643 1099 3695 Antonius
1109 3642 1214 3704 comui,
1223 3646 1293 3692 testa

194 3719 430 3783 Nouas,et1dua:
447 3718 650 3784 dequibusdoo
668 3728 724 3772 tan·
764 3721 910 3786 Macrobio‚
933 3722 1018 3786 legam
1037 3717 1106 3780 tulit,
1130 3724 1160 3766 ut
1182 3731 1198 3766 a
1220 3716 1293 3768 Julio

194 3805 248 3846 tum
269 3797 423 3862 quaerimua3
453 3795 521 3846 trude
543 3796 599 3847 bare
621 3799 725 3850 numina
765 3799 879 3860 casare,
903 3797 948 3864 qni
968 3809 1001 3845 ao
1021 3805 1109 3844 mansa
1127 3799 1204 3841 uatus
1225 3797 1293 3856 etat,

194 3873 286 3936 petita,
294 3877 409 3938 quotque
420 3871 476 3920 dias
488 3870 595 3934 singulis
606 3874 724 3936 partibus
763 3875 849 3928 Julius
860 3874 1001 3925 diceretur.

194 3947 259 3997 dati.
293 3946 420 3999 Kalauria
438 3962 455 3997 a
472 3947 547 4008 καλῦ,
562 3946 632 4011 quod
654 3948 724 4012 apud
796 3959 814 3984 ¹¹
831 3949 863 4006 Q.
876 3947 975 4010 Folius]
992 3945 1135 3996 Rullianus.

195 4023 303 4073 Graeoa
320 4022 389 4072 idem
407 4022 487 4084 valet,
503 4021 571 4084 qood
589 4021 657 4084 apud
675 4037 723 4074 nos
794 4029 806 4056 ¹¹
825 4022 966 4086 tramete]
983 4022 1062 4072 Multi
1079 4021 1182 4086 quidem
1198 4022 1292 4078 dense

193 4112 256 4146 om.
288 4097 354 4146 Cum
377 4097 444 4146 enim
464 4111 552 4146 mense
571 4096 656 4147 lunari
666 4104 722 4148 uta·
762 4111 857 4162 pompa
875 4097 1047 4161 scripserunt,
1071 4096 1117 4146 aad
1137 4097 1212 4148 aliter
1233 4101 1290 4152 aliis

194 4182 294 4236 rantur,
311 4175 355 4224 ubi
375 4174 496 4224 Pontifex
516 4176 625 4239 priorum
641 4176 721 4226 Luna
761 4175 858 4238 placet.
890 4173 929 4222 Eo
947 4172 1091 4224 institutam
1117 4179 1193 4238 pntst
1217 4174 1291 4240 Sigo-

193 4255 326 4318 aapautuur
338 4250 511 4312 observasset,
528 4257 619 4302 sonata
629 4251 656 4302 lu
672 4253 721 4304 Ca·
760 4252 828 4314 uiua,
843 4257 872 4302 ut
891 4249 999 4316 Equites
1015 4248 1049 4300 da
1070 4249 1208 4314 stipendiis
1226 4251 1290 4316 leffi-
