3126 4902
276 403 342 468 208
590 418 745 467 vacuum
771 417 916 467 usxrur
945 421 1016 467 urs.
1040 421 1064 468 r.

172 561 174 569 ⁴
273 559 489 652 adventuque
504 581 566 626 suo
580 566 826 644 tempestatem,
852 563 907 626 cui
930 561 1077 627 remedio
1102 563 1269 644 quaesitus
1292 570 1376 644 erat,

277 661 461 746 dispulit‘i
1152 721 1155 733 ,
1313 671 1321 696 ’·

320 767 353 830 3.
378 764 453 829 Nec
478 765 588 828 minus
611 763 817 830 voluntarius
845 761 990 828 sunonis
1019 767 1053 828 in
1081 767 1197 830 urbem
1225 775 1375 832 uestram

277 869 451 934 transitus.
496 866 616 948 Captis
630 885 652 929 a
664 864 769 929 Furio
784 863 929 930 Camillo
941 865 1052 946 Veiis,
1065 869 1188 934 milites
1196 871 1295 954 jussu
1308 871 1376 935 lm·

278 973 459 1055 peratoris⁵
481 971 695 1034 simulacrum
720 967 743 1032 J
746 967 867 1032 unouis
892 965 1101 1044 Monetae,²⁰²
1121 972 1273 1055 quodibi
1287 991 1374 1056 prte-

278 1075 379 1158 cipua
395 1072 550 1165 religione
565 1070 690 1136 cultum
706 1077 788 1147 erat,
814 1071 849 1134 in
875 1063 1002 1134 Urbem
1026 1071 1185 1152 tralaturi,
1211 1074 1291 1138 sede
1311 1091 1377 1137 sua

278 1191 414 1240 morere
429 1171 645 1236 conabantur.
688 1169 841 1249 Quorum
864 1173 907 1236 ab
930 1191 997 1237 uuo
1021 1192 1082 1256 per
1101 1173 1220 1257 jocum
1235 1177 1376 1240 iuterro-

279 1283 354 1358 gata
368 1277 455 1350 Dea,
469 1281 534 1338 ‘au
547 1273 692 1338 Romam
706 1275 846 1356 migrare
857 1275 977 1352 vedet,’
993 1273 1112 1339 ‘Velle
1124 1295 1161 1340 se
1170 1273 1180 1302 ⁹
1190 1275 1375 1360 respondit.

280 1377 359 1442 Hac
373 1397 458 1441 voce
474 1376 601 1454 audita,
615 1375 711 1441 lusus
722 1375 757 1440 iu
771 1377 1024 1441 admirationem
1036 1397 1154 1442 versus
1169 1384 1258 1442 est.²¹
1281 1377 1376 1441 Jam-

279 1499 344 1564 que
362 1498 431 1542 ncu
455 1479 679 1554 simulacrum,
705 1479 766 1542 sed
793 1479 902 1563 ipsam
927 1480 1015 1545 ccelc
1038 1479 1203 1544 Juuonem
1225 1478 1375 1562 petitam,

279 1587 411 1665 portare
426 1601 463 1644 sa
477 1578 662 1656 credentes,
684 1579 754 1644 laeti
769 1581 802 1643 in
818 1599 859 1644 ea
873 1585 969 1664 parte
992 1581 1113 1645 montis
1132 1579 1319 1657 Aventini,'¹
1342 1580 1375 1642 iu

279 1701 347 1765 qua
362 1701 450 1745 nunc
466 1681 625 1764 templum
641 1681 716 1764 ejus
731 1681 911 1759 cernimus,
928 1677 1205 1745 collocaverunt?

322 1787 353 1847 t.
378 1784 533 1848 Fortunae
547 1783 646 1847 etiam
659 1781 835 1847 Muliebris
844 1790 893 1820 ²²¹
915 1783 1140 1860 simulacrum,
1154 1781 1245 1864 quod
1259 1786 1309 1844 est
1318 1781 1378 1844 viu

309 2003 323 2038 ¹
340 1995 452 2057 Feritque
461 1995 564 2044 aduentu
572 2007 623 2056 ruo,
638 1998 666 2041 ut
675 1995 776 2044 crearer
785 1993 929 2060 pestilentie,
942 1999 1024 2044 cestre
1033 2007 1103 2056 qum
1111 1993 1170 2058 ipre,
1178 1997 1292 2054 respue
1302 2005 1378 2040 reere-

279 2059 354 2123 dium,
369 2057 593 2118 accersitursumt.

281 2268 382 2328 aegrae
393 2281 440 2330 pro
452 2267 555 2316 Meneta
567 2265 592 2313 iu
604 2264 696 2315 Heius.
707 2269 731 2316 u.
746 2279 804 2332 um.
815 2279 868 2316 eec.
887 2273 915 2316 et
932 2267 1000 2316 iuter
1019 2266 1101 2316 linear
1117 2266 1142 2314 lu
1153 2261 1249 2315 Medic.
1260 2269 1286 2314 t.
1321 2263 1377 2312 Pro

280 2333 368 2380 cultum
391 2339 440 2379 erat
461 2331 575 2378 nonnulli
594 2329 719 2380 colebatur.
753 2330 854 2379 Deinde
874 2331 946 2380 multi
968 2331 1126 2390 remearat,-
1148 2329 1215 2394 qucd
1235 2335 1275 2378 eet
1293 2329 1378 2378 etism

281 2396 306 2442 in
318 2397 379 2443 Ver.
398 2394 629 2457 Mog.venerr.1.
645 2397 670 2442 2.
689 2398 715 2442 8.
733 2397 758 2442 4.
776 2399 801 2444 s.
821 2395 927 2444 Medici.
948 2399 971 2444 l.
991 2398 1014 2443 2.
1033 2399 1057 2444 8.
1076 2392 1154 2444 Aldd.
1176 2395 1259 2443 (leliu.
1274 2393 1331 2458 Gry
1351 2393 1379 2440 b.

281 2466 308 2506 et
329 2457 498 2507 Arcena-21
520 2459 614 2520 Copae.
635 2473 692 2506 cum
711 2459 797 2506 multis
817 2459 883 2519 eliis,
898 2459 967 2518 jectu
986 2459 1013 2507 ia
1031 2459 1220 2520 admirationem,
1239 2461 1279 2520 isc.
1343 2471 1377 2504 cx

280 2524 335 2570 coelo
345 2525 461 2571 sunonem
475 2522 608 2584 prestitam
624 2523 649 2568 iu
660 2522 847 2571 cantabr-22
864 2523 964 2586 Viginti
984 2522 1040 2571 sere
1054 2523 1129 2572 codd.
1147 2537 1206 2571 cum
1222 2523 1284 2572 Vet.
1304 2521 1378 2582 Meg.

280 2587 386 2635 Veuctt.
398 2593 420 2636 1.
431 2589 456 2636 2.
465 2589 489 2634 Ι.
501 2591 524 2636 d·
535 2591 559 2635 d.
570 2584 679 2634 Medici.
691 2588 714 2634 1.
724 2587 749 2634 ἓ.
760 2588 808 2634 dtr.
826 2587 958 2654 exhibent,
974 2588 1088 2637 Furtum
1099 2587 1211 2636 muliebre
1219 2587 1376 2636 riuum.

776 2731 882 2782 NOTAE

280 2883 340 2932 pars
363 2867 429 2916 euim
452 2865 570 2931 superior
592 2881 685 2930 prora,
702 2864 809 2918 interior
848 2871 988 2932 cuspide,
1004 2867 1209 2936 quodiurcripts
1223 2863 1378 2914 numismate

281 2944 376 3008 puppis
385 2941 491 3007 liguram
502 2941 592 3002 relatu
603 2949 629 2991 et
639 2943 663 2991 iu
673 2956 724 2992 uus
733 2949 808 3006 purte
849 2947 873 2996 in
892 2947 1001 2999 lunonis
1021 2946 1117 3009 temple
1136 2943 1225 2992 Roma
1244 2953 1377 2990 sermen-

280 3023 353 3072 usvie
372 3036 404 3070 ex
423 3021 518 3070 Thasio
537 3019 623 3084 lapide
646 3021 758 3083 sculpta,
782 3021 807 3070 iu
850 3030 907 3072 tur:
925 3025 964 3072 vel
976 3037 990 3072 s
1003 3021 1130 3072 mouendo
1141 3035 1174 3070 ex
1186 3015 1271 3068 cicer.
1290 3022 1318 3065 ct
1334 3015 1377 3066 Li-

280 3098 364 3146 slters
383 3097 512 3159 serpentis
533 3097 706 3159 simulacrum,
724 3096 809 3146 virun-
849 3099 907 3158 ric;
923 3098 1002 3164 quod,
1019 3112 1077 3148 cum
1094 3104 1171 3146 terrm
1190 3091 1378 3144 metusmetus

281 3179 332 3220 tur.
367 3172 433 3220 lime
445 3173 595 3223 Martianus.
849 3181 929 3236 erret,
945 3183 973 3222 ut
984 3187 1028 3222 rue
1040 3173 1118 3235 plens
1127 3169 1278 3234 procuratio
1291 3166 1377 3229 fieret,

313 3253 322 3277 ¹
338 3247 456 3308 Templum
466 3249 571 3296 dirutum
582 3247 629 3309 ert]
646 3248 676 3296 Iu
696 3261 747 3311 quc
766 3261 808 3294 rr·
848 3263 897 3297 vox
910 3251 942 3298 ub
955 3249 1010 3297 mde
1020 3248 1131 3298 Jrrncuie
1143 3244 1231 3294 audita
1242 3243 1284 3293 sit.

280 3321 404 3369 letudiuis
415 3335 494 3368 caure
507 3321 639 3370 rubebant
656 3323 764 3386 egroti:
782 3323 808 3370 iu
881 3332 892 3357 ¹¹
910 3325 1033 3388 Auentini]
1044 3323 1093 3373 Alii
1104 3323 1136 3372 ab
1149 3317 1376 3380 Aventiuciiege;

279 3397 363 3444 iusulu
383 3397 512 3444 cauditum
535 3405 585 3458 est,
601 3397 685 3462 iuquit
709 3398 808 3458 Festus,
849 3397 891 3447 alii
912 3399 945 3447 ub
966 3400 1064 3460 eribus,
1081 3411 1139 3462 qrrae
1160 3411 1191 3445 ec
1210 3409 1236 3442 re
1254 3409 1268 3443 s
1289 3393 1377 3442 Tiberi

280 3471 348 3535 quod
370 3471 433 3532 agri
452 3470 485 3518 sd
506 3478 594 3532 potum
617 3486 682 3536 sque
703 3480 809 3521 utuntur
848 3475 961 3537 ferreum
987 3477 1030 3525 alii
1053 3473 1258 3534 culminibus,
1280 3473 1323 3536 qui
1341 3487 1377 3520 ec

280 3549 431 3612 sepissime.
849 3551 946 3601 ratibus
955 3551 1154 3612 cdrelrereutur,
1164 3551 1261 3600 dictum
1274 3550 1377 3600 rolrrut:

314 3627 393 3684 tAu.
405 3627 442 3676 M.
453 3629 527 3676 stes.
557 3625 600 3676 01.
613 3629 668 3675 122.
680 3629 703 3676 2.
740 3627 806 3676 Urb.
848 3625 917 3690 qrrod
937 3626 1026 3674 avibus
1046 3625 1176 3675 obscoeuis
1194 3623 1376 3673 ominosures-

281 3701 310 3749 c,
322 3705 378 3750 rut.
407 3701 469 3750 Aut.
482 3702 529 3750 Ch.
542 3705 598 3750 890.
848 3709 899 3760 set,
914 3701 985 3750 urbis
998 3701 1120 3765 pomoerio
1131 3715 1182 3749 uon
1194 3699 1307 3748 inclusus
1320 3706 1376 3747 est:

312 3783 321 3807 ¹
337 3776 503 3836 Militerjurru
514 3775 679 3839 Imperatoris]
692 3778 805 3828 Deducti
847 3777 980 3826 aclaudio
992 3785 1076 3825 tumen
1090 3775 1252 3838 imperatore
1264 3773 1319 3820 urbi
1332 3773 1376 3821 ed·

280 3855 393 3901 exomni
408 3855 525 3903 exercitu
540 3853 650 3917 juvenes
667 3869 731 3919 pure
748 3857 807 3906 lotis
847 3851 932 3900 ditus:
951 3867 966 3900 a
985 3853 1066 3900 Remo
1080 3850 1225 3914 Remmius,
1242 3865 1257 3898 s
1274 3849 1376 3898 Murcia

280 3931 439 3994 corporibus,
449 3938 476 3979 et
487 3931 598 3980 candida
609 3941 690 3993 verre,
701 3933 743 3998 qui
756 3935 806 3998 sig·
847 3929 974 3977 Socordim
987 3929 1047 3976 Dea
1060 3927 1177 3974 Murrius
1188 3925 1267 3974 etism
1280 3935 1377 3972 nuncu-

280 4007 424 4070 numinum,
440 4007 558 4070 religiose
577 4007 742 4058 admoventes
754 4025 806 4059 ma·
848 4009 932 4067 pstur.
967 4003 1042 4051 Nunc
1056 3999 1209 4050 irretetis.
1221 3999 1318 4048 Subiac-

281 4082 610 4140 utrr,licmsmdei'errent.
879 4079 895 4108 ⁸*
928 4077 1113 4126 sumsero.
1144 4076 1188 4126 01.
1199 4079 1240 4125 96.
1253 4079 1277 4124 2.
1308 4072 1374 4122 Urb·

315 4156 436 4205 ‘dumis
445 4158 560 4220 Meneta]
577 4159 700 4220 Reginum
714 4165 807 4208 recent
848 4157 877 4206 C.
890 4160 946 4204 ³⁵8.
973 4155 1037 4204 Aut.
1048 4155 1095 4204 Cir.
1107 4158 1164 4204 sus.

282 4228 369 4280 Livius
380 4237 408 4279 et
423 4231 455 4280 Ρ.
467 4233 570 4282 Victor:
587 4234 696 4282 Mouet·
711 4233 806 4282 dicitur
879 4237 889 4264 '
908 4231 1020 4280 Fortuna
1033 4228 1167 4292 ltiuliebrir]
1186 4229 1310 4290 Fortuna,
1326 4225 1377 4275 ulis
