3108 4894
245 387 310 452 156
557 399 711 448 vrnnnn
738 399 884 448 urxrur
911 399 981 447 uro.
1002 401 1027 448 1.

247 563 344 608 omen
360 543 437 626 ipse
457 542 546 608 iecit.
591 542 771 608 Nemeum
796 545 830 607 iu
857 544 984 609 sacello
1008 545 1156 628 quodem
1186 545 1261 628 ejus
1289 541 1338 608 rei

246 647 355 728 gratia
379 645 614 729 aliquamdiu¹⁴
636 645 855 728 persedisset,
870 664 932 710 nec
943 645 1016 710 ulle
1030 667 1101 712 vox
1114 655 1137 694 ¹⁵
1166 647 1340 730 proposito

247 767 428 830 congruens
438 757 530 812 esset
544 747 661 812 audite
669 747 701 828 ;s
719 747 810 812 fesso
833 747 936 830 longe
954 749 1074 814 ,standi
1097 768 1192 813 more
1213 747 1340 831 puella,

247 849 377 930 rogavit
391 855 616 924 materteram,
631 854 667 912 ut
682 847 747 912 sibi
762 848 938 932 paulisper
960 849 1071 914 locum
1095 850 1264 915 residendi
1289 867 1346 912 oc·

247 951 489 1016 commodaret:
502 952 558 1016 oui
572 951 649 1016 illu:
663 951 757 1034 ‘Ego
772 951 872 1028 vere,’
883 953 1002 1036 iuquit,
1013 959 1023 988 ‘
1035 955 1178 1018 libenter
1192 954 1256 1018 tibi
1270 969 1344 1015 mee

248 1053 330 1118 sede
343 1052 369 1092 ¹⁶
390 1052 500 1118 cedo.’
543 1051 644 1131 Quod
658 1052 782 1116 dictum
795 1054 839 1117 eb
863 1053 1068 1137 indulgentia
1084 1055 1278 1138 protectum,
1301 1051 1345 1116 ad

248 1155 329 1220 certi
348 1156 470 1220 ominis
492 1155 661 1240 processit
684 1163 878 1220 eventum:e
903 1157 1061 1240 quoniam
1088 1157 1250 1222 Metellus
1278 1173 1346 1217 non

249 1257 298 1322 ito
307 1265 332 1306 ¹⁷
354 1258 460 1322 multo
475 1262 565 1340 pest,
580 1263 710 1322 mortue
723 1255 880 1334 Caecilia,
895 1258 1068 1340 virginem,
1078 1257 1119 1321 de
1134 1277 1202 1341 qua
1216 1257 1344 1339 loquor,

248 1359 284 1424 in
297 1359 542 1424 matrimonium
557 1357 677 1423 duruit.l

291 1461 323 1526 6.
347 1459 386 1526 G.
408 1465 521 1526 eutem
546 1459 709 1525 Merio¹⁸‘
730 1459 924 1524 observatio
949 1461 1072 1525 ominis
1098 1459 1218 1544 procul
1244 1457 1347 1523 dubio

250 1561 352 1626 soluti
366 1562 441 1640 fuit,
456 1583 524 1646 quo
544 1570 697 1646 tempore
711 1563 818 1628 hostis
833 1583 855 1626 e
869 1570 989 1628 senatu
1007 1563 1209 1647 iudicatus,u
1231 1561 1265 1624 in
1288 1559 1347 1624 do-

250 1683 339 1728 mum
356 1663 518 1730 Fanniae*
540 1664 750 1730 Minturnis*
771 1663 936 1731 custodiae
964 1685 1068 1731 ceusu
1092 1663 1257 1746 deductus
1271 1669 1347 1726 eset

277 1859 294 1904 s
307 1861 359 1914 Nec
370 1862 419 1914 ullo
427 1877 483 1926 soc,
494 1879 546 1940 quus
556 1866 587 1914 cd
597 1864 695 1929 nuptias
708 1865 819 1930 Virginis
826 1865 967 1930 pertineret,
982 1870 1041 1916 esset
1052 1866 1143 1916 ude.

279 1933 293 1968 Ι
309 1927 503 1987 Eventussstsrs
512 1933 604 1980 certem
614 1930 749 1991 omensuit.

251 2172 369 2222 ismcello
380 2173 512 2236 prodesses·
521 2173 558 2223 rei
567 2173 721 2236 stipendis,
735 2175 841 2236 ise-to
859 2171 931 2224 Edit.
950 2179 979 2224 et
998 2173 1064 2222 Mes.
1081 2169 1194 2220 msxims
1213 2181 1291 2234 pers:
1307 2183 1350 2218 sce

251 2238 397 2300 clusense.
431 2238 555 2288 Nonnulli
567 2253 625 2288 enm
637 2237 679 2288 ed.
691 2237 753 2286 Vet.
771 2252 813 2286 sec
822 2237 1026 2300 dumetum.
1057 2237 1110 2286 Sex
1127 2237 1192 2286 Mes.
1212 2232 1350 2296 secutique

251 2303 289 2350 itti
302 2317 357 2362 soe,
375 2302 444 2366 qood
462 2303 587 2352 Torrenio
602 2303 765 2366 placen-le
782 2302 906 2352 Nonnulli
927 2303 991 2352 Μαι.
1011 2315 1070 2350 cum
1091 2301 1151 2349 Vct.
1169 2313 1244 2348 mense
1264 2300 1349 2346 sedem.

253 2365 397 2430 Utrumque
406 2367 498 2416 listins
509 2367 615 2417 dicitnr.
642 2365 716 2416 loire
732 2381 773 2416 ιν.
783 2371 807 2416 1.
829 2365 890 2417 lixt.
901 2369 925 2416 7.
945 2367 1039 2416 ‘cessit
1050 2379 1106 2414 cem
1119 2361 1226 2426 Bisnti,‘
1243 2369 1271 2411 et
1281 2361 1350 2411 stibi.

251 2432 315 2478 -17
333 2429 365 2478 ln
376 2429 476 2494 aliquot
487 2429 564 2481 codd.
573 2439 600 2481 et
610 2429 670 2480 edd.
683 2429 776 2494 Pighio
788 2430 979 2496 sntiquioribus
988 2431 1023 2480 itu
1032 2429 1182 2481 deest-18
1195 2427 1227 2478 ln
1235 2425 1351 2492 pluribus

750 2573 857 2624 NOTAE

246 2703 290 2766 jus
302 2707 389 2766 psrtes
405 2710 482 2753 erent
498 2703 590 2752 medie
607 2703 692 2754 noctis
708 2703 781 2754 incli·
820 2717 872 2766 rus,
883 2709 910 2754 et
922 2704 975 2754 sili.

252 2779 332 2839 ustio,
345 2777 512 2841 gallicinium,
525 2780 700 2842 conticinium,
714 2781 781 2830 dilu-
853 2781 907 2829 'is
922 2783 1014 2832 dom
1031 2778 1143 2843 Fusio]
1168 2777 1234 2828 Post
1250 2789 1351 2828 errores

251 2853 346 2914 colom,
359 2867 444 2916 mene,
452 2867 571 2918 vespere,
582 2855 666 2918 prims
678 2853 732 2905 iss.
820 2855 906 2906 serios
930 2857 1051 2920 verisque
1071 2855 1195 2920 perionis,
1219 2867 1277 2918 quse
1299 2851 1351 2899 cle·

284 2927 357 2982 trin.
369 2929 494 2979 Maeli.
511 2929 554 2980 Ol.
567 2933 623 2980 141.
634 2933 658 2980 t.
675 2930 739 2981 Urb.
750 2930 780 2981 C.
821 2939 921 2996 genter,
945 2939 975 2982 nt
1000 2933 1079 2994 solet,
1101 2931 1227 2981 describit
1248 2928 1352 2978 Plutus·

252 3007 309 3054 640.
326 3004 389 3055 Ant.
401 3005 448 3056 Cis.
458 3008 516 3057 212.
822 3009 893 3067 ciros,
903 3009 929 3058 in
943 3008 1038 3073 pslnde
1050 3007 1149 3057 Murius
1160 3005 1275 3066 lstehst3
1291 3015 1349 3054 com

284 3079 332 3130 ⁸0.
345 3079 438 3143 Mum]
465 3078 572 3144 Nepoti,
584 3079 628 3144 qni
643 3085 720 3130 ustus
732 3078 782 3130 Ar·
822 3085 931 3147 putoris
951 3083 1070 3148 proditus
1081 3082 1186 3143 indicio,
1204 3079 1265 3130 inde
1280 3079 1349 3129 itliu-

252 3155 306 3220 pini
327 3169 358 3204 er
375 3155 465 3206 humili
482 3157 549 3220 loco,
567 3155 606 3206 sir
621 3170 699 3206 msnn
716 3163 783 3206 stre·
823 3167 911 3210 turnus
928 3159 1074 3222 deducitur,
1085 3164 1114 3208 et
1131 3155 1230 3206 mulieri
1241 3153 1352 3214 cuidem,

251 3245 327 3292 nnus,
350 3233 403 3282 vits
424 3234 598 3298 incorruptus,
620 3233 653 3283 sd
671 3247 782 3284 summos
821 3238 863 3288 cni
875 3251 968 3288 nomen
986 3237 1094 3294 Psonis,
1106 3233 1290 3286 custodiendos
1301 3238 1354 3281 trs·

251 3308 361 3356 honores
383 3309 512 3370 persenit.
545 3311 589 3359 De
604 3309 649 3360 illo
666 3311 739 3374 pinrs
755 3310 782 3359 io
824 3313 902 3363 ditur.
945 3315 1008 3363 'l’um
1025 3313 1116 3362 missus
1133 3311 1166 3362 sd
1183 3325 1240 3360 eum
1257 3321 1351 3358 nmen-

254 3379 514 3434 Msriorumt'smilis.
823 3389 884 3438 dnm
894 3403 983 3440 sersus
994 3389 1113 3454 publicos
1121 3388 1227 3440 natione
1238 3385 1354 3447 Cimber,

284 3465 296 3490 ¹
320 3456 407 3507 Hostis
427 3459 685 3523 omniudicctss]
717 3459 783 3510 Cum
823 3465 867 3530 qui
887 3466 937 3516 uisi
958 3466 1095 3529 msJestste
1120 3463 1228 3514 territus
1253 3459 1352 3525 refugit

251 3534 282 3586 1..
292 3533 371 3599 Syllse
384 3532 478 3584 bellom
494 3534 702 3586 Mithridaticum
714 3551 782 3588 cosu-
823 3555 914 3604 msssns
925 3541 1141 3603 soceclsmitsns,
1157 3539 1236 3590 ‘Non
1247 3551 1351 3603 possem

251 3609 358 3660 missum
374 3615 453 3672 esset,
470 3608 623 3672 C.ldsrins,
638 3611 783 3662 licetsenio
824 3617 944 3668 occidere
964 3615 1095 3666 Msriurn!
1135 3616 1219 3667 Quem
1241 3611 1274 3663 oh
1297 3625 1351 3661 rem

253 3683 401 3747 conlectus,
431 3689 530 3734 tentem
557 3685 643 3748 glorie
667 3694 782 3750 segetem
822 3690 1001 3740 misericordis
1022 3690 1086 3740 moti
1102 3689 1296 3739 Minturnenses
1313 3686 1353 3736 in·

252 3761 331 3824 Syllse
348 3761 435 3825 legato
453 3762 513 3812 olim
531 3776 577 3812 suo
594 3762 720 3827 incidens,
736 3779 784 3829 per
823 3768 949 3818 columem
961 3767 1073 3816 Marium
1086 3765 1275 3830 prestiterunt.

253 3836 283 3886 C.
298 3837 437 3901 sulpitium
460 3838 533 3889 trib.
549 3839 585 3902 pl.
603 3839 667 3890 hsnc
684 3841 708 3891 ei
725 3857 784 3906 pro·
854 3839 1029 3902 'Mistsrss'sJ
1062 3840 1211 3903 csmpsui·
1226 3837 1351 3903 oppidum

253 3913 362 3963 viucim
373 3913 460 3978 eripit.
482 3915 541 3966 Qus
552 3928 581 3964 re
590 3913 663 3977 Sylls
673 3930 782 3967 commo·
821 3919 890 3970 inter
898 3918 1047 3968 sinuosum
1058 3923 1086 3966 et
1099 3915 1213 3966 Formtss
1224 3915 1257 3965 sd
1272 3913 1351 3964 Sirim

255 3993 306 4048 tus,
322 3987 412 4038 urbem
437 4003 495 4038 corn
517 3991 634 4040 exercitu
658 4001 782 4057 occupet,
821 3993 937 4045 fluvium.

253 4061 391 4125 occisoque
417 4063 529 4128 sulpitio
563 4066 674 4116 Mestum
699 4067 784 4134 suget,
855 4069 1063 4128 etlumen.
1079 4066 1225 4120 01.1ss.r.
1242 4065 1351 4118 Urit-C.

255 4149 363 4200 eumque
390 4138 522 4190 absentem
540 4141 639 4194 lrostsm
654 4158 670 4192 s
684 4145 782 4196 Senatu
821 4149 879 4198 dot.
896 4145 960 4200 Aut.
972 4147 1019 4200 Cir.
1030 4149 1071 4196 87.

249 4210 364 4278 judiosri
379 4210 498 4276 imperet.
531 4213 574 4265 lts
589 4217 711 4281 Velleius,
722 4221 780 4272 Flo·
