3126 4902
430 405 511 452 our.
529 403 579 450 vr.
604 404 652 452 nn
679 401 872 452 exrrruurs
896 405 1123 456 rusrrrurrs.
1264 389 1330 460 275

222 561 267 611 uo
283 545 393 612 dolori
408 545 614 631 indulgeri,²²
628 553 686 613 eut
695 548 809 614 divino
823 551 950 616 numiui
965 551 1124 615 iuvidiam
1140 549 1222 630 lieri,
1233 554 1325 638 quod

223 649 508 714 immortalitatem
525 669 618 713 suem
634 652 811 714 nobiscum
824 654 944 736 partiri
958 652 1126 718 nolueriti
1150 651 1325 719 Venenum

222 751 331 814 cicuta
345 757 566 834 temperatum
581 752 615 813 iu
629 771 670 814 ea
691 751 831 816 civitate
856 753 994 835 publice
1013 754 1213 831 custoditur,
1229 755 1323 838 quod

222 852 320 916 datur
333 853 376 930 ei,
403 854 461 936 qui
487 871 609 917 causas
633 853 875 917 Sescentis¹³¹²
893 852 945 937 (id
969 854 1055 918 enim
1080 855 1224 920 Senatus
1248 859 1324 943 ejus

222 972 342 1018 nomeu
352 953 419 1040 est)
430 955 596 1032 exhibuit,
613 960 753 1038 proptor
765 973 850 1037 quas
862 974 952 1020 mors
964 955 1011 1019 sit
1025 957 1074 1020 illi
1086 958 1276 1040 expetenda
1286 965 1326 1024 :²⁴

223 1055 410 1138 cognitione
431 1058 521 1122 virili
542 1057 786 1124 benevolentia¹
800 1064 999 1142 temperute,
1026 1078 1102 1142 quae
1127 1079 1188 1122 uec
1213 1061 1325 1142 egredi

220 1158 291 1222 rito
307 1167 431 1223 temere
445 1157 599 1242 petitur!
609 1159 820 1241 etsepionter
830 1160 998 1224 excedere
1013 1161 1166 1243 cupienti
1180 1161 1324 1227 celerem

219 1259 281 1324 tati
296 1261 387 1326 viem
402 1264 530 1345 praebet
543 1283 552 1342 ;
567 1266 604 1325 ut
617 1261 672 1325 vel
687 1261 836 1340 adverse,
854 1261 910 1325 vol
925 1281 1089 1345 prospera
1102 1262 1200 1326 nimis
1214 1273 1324 1329 usus²⁵
1354 1309 1359 1322 .

219 1363 351 1427 fortune
363 1361 523 1450 (utraque
538 1363 627 1428 onim
653 1362 788 1427 liniendi
804 1363 953 1446 spiritus,
977 1365 1046 1440 illa,
1065 1383 1108 1427 no
1124 1355 1325 1452 perseveret,

219 1463 303 1541 brec,
317 1483 360 1528 ue
375 1465 544 1544 destituat,
560 1466 723 1530 rationem
738 1463 937 1550 praebuerit)
948 1463 977 1506 ⁸⁶
992 1465 1210 1550 comprobato
1227 1470 1323 1533 exitu

219 1566 438 1632 terminetur.e

261 1667 294 1734 8.
317 1666 429 1746 Quam
457 1670 730 1736 cousuetudinem
764 1669 1032 1735 Massiliensium
1058 1689 1122 1736 uon
1145 1670 1181 1733 iu
1209 1670 1324 1737 Gallie

217 1777 337 1849 ortum,
352 1770 412 1834 sed
426 1791 445 1834 e
457 1770 630 1837 Graecia¹⁷
654 1773 849 1838 translatam
859 1773 936 1838 iude
946 1773 1117 1851 existimo,
1127 1772 1216 1856 qnod
1228 1773 1319 1838 illem

219 1871 321 1940 etium
350 1872 387 1935 in
412 1873 524 1937 insula
549 1872 642 1939 Gea⁰
664 1875 791 1939 servari
821 1874 1054 1952 animadverti,
1081 1885 1146 1958 quo
1170 1881 1321 1958 tempore

234 2097 264 2175 's
275 2099 428 2148 Murreorrurr
438 2099 479 2164 qrri
492 2097 597 2148 uiriliter
612 2097 673 2148 orori
689 2097 796 2162 eupiunt,
812 2101 847 2148 eet
858 2102 989 2162 temperato
1005 2098 1163 2149 benevolentia
1173 2099 1284 2160 judicum
1296 2104 1320 2148 et

217 2177 316 2277 aalma
326 2229 367 2291 qui
375 2229 412 2277 rui
420 2226 591 2290 ruutsorterrq
601 2229 639 2277 uel
655 2227 727 2276 nimir
738 2227 847 2288 dunen,
857 2228 895 2278 rel
912 2227 984 2276 nimir
999 2242 1120 2292 prospere,
1138 2228 1257 2278 intereunt
1268 2229 1318 2277 iure·

216 2293 293 2342 doado
304 2293 388 2343 mortis
396 2307 491 2356 genere.

216 2534 265 2582 pro
272 2519 439 2584 finitum-22
456 2520 498 2570 lte
510 2519 617 2584 Pighius
630 2533 663 2568 ex
674 2519 750 2570 codd.
761 2519 842 2582 antiq.
862 2523 890 2567 et
906 2517 944 2566 ric
958 2515 1056 2566 lireud.
1069 2521 1092 2568 l.
1104 2521 1128 2568 2.
1139 2517 1245 2567 Torren.
1258 2517 1320 2567 Vet.

217 2583 515 2646 Mog.Venet.Medioi.
532 2592 560 2634 et
571 2583 682 2647 Herbip.
699 2586 757 2649 quid
773 2585 862 2632 attinet
879 2581 903 2630 b.
918 2584 942 2632 d.
959 2581 1083 2644 indulgere
1102 2580 1163 2630 Ald.
1183 2581 1272 2630 cbelr.
1293 2589 1321 2631 et

216 2649 378 2712 Volup-28
395 2649 460 2700 cod.
474 2649 554 2700 Bseil.
565 2664 608 2713 up.
620 2649 700 2699 Klok.
712 2649 819 2710 ceurbtir,
831 2655 858 2696 et
870 2661 916 2710 pro
927 2661 951 2696 v.
963 2647 1149 2696 instrumentis:
1165 2645 1322 2696 'Porreninui

214 2713 323 2763 multum
335 2713 402 2764 inter
414 2729 442 2764 re
451 2713 616 2776 discrepent3
627 2713 725 2764 babent
733 2713 810 2769 enirn,
820 2713 971 2772 reuereerrtir,
979 2713 1069 2773 uritis,
1080 2711 1204 2773 ematis,
1212 2711 1320 2772 reuertit,

214 2777 337 2840 reuertit,
355 2783 456 2841 curent,
471 2779 567 2841 reentir,
586 2779 627 2826 vel
646 2780 837 2828 numu-st
852 2777 904 2826 Sex
921 2776 1028 2824 Torren.
1048 2777 1210 2839 expectanda,-
1228 2775 1320 2839 reliqui

214 2845 354 2907 expetendo,
371 2843 439 2908 quod
459 2845 574 2907 reposuit
592 2843 708 2906 Pighius.
742 2843 805 2892 Mox
824 2840 919 2904 Ultraj.
935 2845 959 2890 l.
979 2839 1078 2888 etVet.
1097 2841 1180 2902 egredi
1202 2840 1320 2889 uitem.—

214 2910 246 2956 25
265 2907 413 2968 Legebutur
423 2909 484 2958 olirn
495 2909 552 2964 κείς
568 2907 676 2969 Pighius
686 2921 749 2956 vero
762 2907 787 2954 iu
801 2904 877 2954 codd.
890 2904 942 2952 ruis
954 2903 1053 2952 invenit
1064 2903 1132 2962 erin
1148 2911 1176 2952 et
1187 2903 1224 2952 ric
1236 2903 1317 2953 Bnrb.

214 2974 240 3019 2.
253 2984 268 3018 ι
279 2985 312 3018 rn.
325 2985 364 3033 pr.
380 2987 423 3020 ueri
434 2971 462 3020 ln
474 2971 576 3021 duobus
588 2971 680 3021 Rbem.
691 2971 740 3020 uiri
751 2971 777 3018 in
790 2969 876 3018 Bitur.
887 2974 915 3016 et
926 2968 1010 3017 altero
1021 2969 1111 3017 erenr.
1128 2982 1184 3015 uuir
1196 2967 1317 3018 Perizon.

215 3034 298 3082 Bnrb.
310 3039 333 3084 1.
345 3041 372 3084 et
383 3051 399 3084 n
409 3051 444 3085 nr.
456 3050 507 3086 sec.
520 3039 545 3086 iu
558 3036 638 3085 Berb.
648 3040 674 3086 i.
689 3036 727 3084 eri
737 3035 837 3082 babent
849 3032 939 3095 reliqui
948 3031 1025 3081 codd.
1042 3046 1100 3083 cnm
1112 3032 1240 3080 Vct-ib
1256 3029 1317 3081 ΛΜ.

216 3105 244 3148 et
256 3097 364 3149 Areeur.
373 3100 481 3163 prebetr
497 3107 594 3150 cetere
606 3099 666 3149 edd.
683 3113 742 3149 oum
761 3100 837 3160 longe
855 3096 967 3144 menime
986 3095 1064 3144 codd.
1084 3103 1170 3156 perte,
1183 3095 1319 3158 prebuerit.

215 3161 334 3211 Perizon.
351 3164 581 3214 tenesmum-nr
599 3163 701 3226 Viginti
720 3163 772 3211 duo
792 3159 868 3210 codd.
886 3175 917 3209 ee
935 3159 1048 3208 Groecir:
1066 3157 1125 3207 Aru.
1147 3173 1204 3207 curn
1228 3159 1319 3221 puucir

214 3226 290 3276 codd.
309 3227 436 3276 trnbtuur:
453 3229 528 3278 multi
542 3227 619 3278 codd.
637 3229 692 3278 inde
712 3226 812 3276 aertirno.
846 3225 910 3274 Mox
930 3224 989 3272 Ceu
1005 3223 1078 3286 Mog.
1095 3223 1190 3272 Veuet.
1211 3222 1271 3272 Ald.
1291 3231 1319 3275 et

215 3292 330 3341 nonnulli
342 3291 420 3342 codd.
434 3293 489 3342 Ceo
499 3291 525 3341 in
538 3293 690 3356 Pighieuir;
709 3291 778 3353 ctu,
798 3290 855 3353 Cor,
876 3287 916 3339 vel
929 3289 985 3350 Ceo,
1001 3288 1027 3338 iu
1046 3287 1127 3338 tribus
1140 3288 1233 3338 Leidd.
1244 3289 1318 3337 Peri·

709 3435 819 3489 NOTAE

247 3550 412 3616 'SeeemtirJ
428 3549 641 3614 Quos'tqnixuvr
656 3551 744 3615 eppei·
818 3549 878 3598 οΙιι
901 3547 981 3598 inerte
1003 3546 1063 3610 Ceu]
1088 3546 1199 3597 varient
1220 3545 1268 3596 boc
1291 3545 1317 3595 iu

214 3627 312 3678 iubent.
347 3628 396 3678 Hir
414 3628 532 3680 omnibu·
549 3635 679 3693 preerunt
697 3627 745 3676 viri
785 3625 846 3676 loco
879 3626 943 3676 bier.
972 3623 1098 3674 Codices:
1125 3623 1150 3671 in
1170 3623 1226 3671 eliis
1248 3623 1317 3671 eulut

213 3703 368 3768 quindecim,
385 3705 429 3770 qui
451 3706 556 3769 negotiu
577 3712 605 3756 et
625 3703 745 3756 feciliore
787 3701 858 3764 Coro,
876 3702 918 3752 rel
931 3701 996 3759 Geor
1013 3700 1039 3748 iu
1050 3699 1106 3749 eliis
1120 3698 1188 3758 curo,
1208 3697 1250 3748 rel
1269 3699 1317 3748 Coo

213 3781 355 3830 etlevlorir
371 3783 495 3831 momenti
509 3782 673 3846 expedirent.
706 3781 745 3832 Ut
785 3777 895 3842 tegitur:
913 3777 1029 3826 diversus
1047 3783 1133 3825 temen
1153 3774 1248 3824 insoles
1260 3788 1316 3825 erre

213 3855 270 3919 quir
281 3856 307 3904 in
324 3857 393 3906 bnno
404 3855 521 3906 ordinem
534 3857 674 3921 legeretur,
692 3856 743 3907 duo
784 3859 896 3904 constet.
929 3852 1113 3902 Exbirrnnlirn
1125 3851 1189 3900 Cerri
1202 3856 1317 3915 tetrepo·

212 3931 290 3994 vulgo
301 3930 483 3996 requirebant:
501 3947 587 3997 unum,
607 3940 636 3982 ut
646 3933 743 3982 liberor
782 3929 827 3979 liru
838 3927 934 3978 inisse:
952 3927 1052 3978 duobus
1067 3941 1129 3977 vero
1146 3926 1254 3976 urbibus
1265 3927 1314 3977 Co·

213 4007 384 4071 ruecepirret:
403 4007 524 4070 alterum,
538 4015 569 4059 ut
586 4025 637 4059 nnn
659 4010 743 4058 oriun·
783 4002 1236 4068 rerrnl'oeereeqnemeriefluetibus
1247 4018 1314 4054 rum-

212 4081 261 4132 due
280 4082 397 4146 eliunde;
414 4083 461 4134 sed
482 4083 552 4134 iliius
571 4092 656 4150 peter,
672 4099 741 4148 erun,
782 4083 881 4144 mertis,
903 4082 973 4131 eires
1000 4081 1090 4133 iulide
1114 4087 1143 4132 et
1165 4081 1314 4132 Certbeern
1349 4101 1356 4114 ·

212 4172 334 4222 proavus,
344 4161 415 4210 eires
426 4159 545 4212 t'uireent.
577 4161 740 4226 Strabonem,
779 4161 905 4225 migrare
916 4163 1046 4210 teruntur
1056 4159 1151 4212 Strebo
1162 4165 1190 4210 et
1201 4159 1311 4210 Plinius.

212 4235 234 4284 ri
247 4232 303 4302 quir
313 4235 386 4298 plnrn
398 4237 521 4301 requiret,
533 4238 659 4290 consulet.
782 4240 859 4292 Nunc
871 4239 930 4292 Zeu.
