3050 4890
237 383 279 448 20
518 465 521 476 Ι
569 398 618 446 nn
641 397 805 446 vnnnnro
830 393 985 442 ιιιιιιιιο

236 539 318 606 tulis
344 537 531 614 convenire,
556 537 615 620 qui
640 537 788 602 nondum
811 544 924 602 tenent
954 535 1088 600 dicendi
1113 535 1272 617 regulum,
1297 539 1333 602 et

237 641 399 706 deteriora
412 640 522 718 citius,
533 659 634 724 quum
646 658 728 704 sene
740 648 776 704 et
789 645 879 704 recta
893 640 1073 704 imitentur.
1117 637 1179 704 Est
1193 637 1332 720 quidem

237 743 319 807 nihil
334 762 431 824 aeque
452 743 585 806 salubre
600 761 641 807 nc
656 741 860 824 frugiferum,
885 761 987 826 quem
1003 741 1111 805 omnis
1127 741 1257 822 generis
1271 759 1332 804 ex-

237 846 356 928 empla,
369 846 491 928 quibus
502 845 603 909 vitam
627 843 792 920 informes,
807 848 886 906 nota
906 843 1029 906 hebere
1045 848 1079 906 et
1092 842 1284 918 observatu,
1299 848 1334 904 et

238 949 303 1012 isto
326 947 459 1011 nomine
481 945 611 1027 egregie
636 943 677 1008 de
698 945 787 1010 omni
813 945 922 1008 eetnto'
936 943 1071 1008 meritus
1085 941 1243 1006 Valerius
1257 947 1330 1007 est:

238 1047 402 1131 refertque
417 1048 597 1131 plurimum
622 1065 696 1110 euru
719 1053 855 1124 extere;
877 1043 935 1108 sed
960 1043 1143 1108 dictionem
1169 1043 1261 1127 quod
1280 1050 1332 1108 et-

239 1151 329 1228 tinet,
346 1149 515 1214 latendum
528 1147 682 1232 equidem
699 1157 761 1226 est,
776 1167 883 1231 neque
897 1153 983 1212 terso
999 1166 1075 1211 eum
1089 1147 1216 1230 ubique
1231 1148 1331 1224 setis,

240 1251 300 1315 sed
316 1251 467 1315 affectate
482 1271 576 1334 soepe
601 1256 634 1314 et
653 1249 772 1333 putide
786 1250 889 1332 loqui,
905 1247 1063 1333 quodque
1080 1247 1253 1326 Horatius,
1269 1248 1331 1326 eit,

240 1354 366 1416 ‘nubes
382 1358 415 1416 et
429 1353 538 1416 inania
552 1351 711 1435 capture!

241 1553 327 1618 Dun.
344 1551 508 1616 Heinsius
524 1550 568 1616 cd
582 1549 805 1635 Anonymum,
821 1550 931 1634 Epist.
955 1549 996 1614 Τ.
1013 1565 1053 1613 ιι.
1068 1567 1104 1632 p.
1115 1549 1193 1614 teu.
1206 1569 1238 1614 u.
1254 1549 1332 1616 280.

516 1653 603 1718 acl.
620 1655 660 1720 P.
676 1654 865 1720 Burmanno
881 1652 1051 1716 editarum.

282 1804 502 1886 Aliquamdiu
518 1811 628 1868 nutem
652 1805 694 1868 iis
709 1803 953 1882 abstinendum,
976 1821 1063 1886 quos
1080 1801 1330 1867 declamatoriae

242 1907 378 1990 argutiae
393 1905 635 1982 commendant,
651 1907 757 1989 etqui
782 1924 883 1990 quum
909 1904 1102 1986 longissime
1127 1904 1171 1966 ab
1185 1923 1225 1966 ea
1240 1905 1331 1988 puri·

239 2017 306 2073 tete
322 2009 450 2072 obsunt.
495 2007 583 2072 luter
605 2027 690 2090 quos
719 2005 905 2083 Valerium,
928 2005 1125 2088 scriptorem
1147 2003 1233 2068 alins
1257 2005 1332 2068 exi-

238 2111 350 2183 mium,
364 2107 465 2172 luisse
477 2115 510 2172 et
525 2127 587 2191 ego
604 2107 758 2191 judicavi
774 2126 916 2190 semper,
942 2126 1002 2170 nec
1017 2113 1068 2184 tu,
1094 2111 1188 2190 puto,
1215 2125 1330 2189 negas,

237 2231 379 2295 quaeque
391 2210 449 2274 elii
464 2210 498 2273 iu
513 2229 553 2274 eo
568 2209 705 2294 culpent
718 2215 806 2275 recte
822 2208 1003 2274 annotasti.

355 2409 378 2471 J
381 2429 461 2472 anns
476 2409 689 2490 Rutgersius,
705 2407 788 2472 Ver.
804 2407 898 2474 Lect.
915 2403 989 2472 ltu.
1005 2425 1054 2472 νι.
1070 2429 1146 2494 cep.
1160 2410 1213 2475 lu.

285 2558 451 2640 Legebam
465 2556 519 2619 his
535 2556 652 2621 diebus
665 2555 840 2622 Valerium
855 2557 1058 2625 Maximum.
1096 2559 1173 2624 Nou
1187 2565 1239 2626 est
1249 2559 1332 2626 mihi

241 2679 387 2742 unquam
401 2659 511 2722 verius
527 2659 654 2722 dixisse
669 2658 762 2723 visum
776 2659 800 2724 J
802 2659 947 2744 osophus
962 2660 1127 2745 Scaliger,
1136 2683 1239 2746 quem
1254 2685 1330 2732 curn

242 2779 317 2824 eum
332 2761 479 2842 ineptum
493 2761 665 2824 verborum
680 2766 713 2824 ct
724 2763 960 2846 sententiarum
975 2763 1197 2828 affectatorem
1213 2767 1334 2848 appel-

242 2861 339 2926 lavit.
383 2861 458 2925 Nec
474 2861 588 2943 ignoro
604 2863 698 2926 illum
724 2881 746 2926 a
768 2865 969 2947 quibusdam
990 2867 1073 2930 tenti
1088 2865 1172 2942 fieri,
1198 2871 1234 2930 ut
1259 2867 1333 2950 ejus

242 2961 373 3028 dicendi
388 2963 550 3028 rationem
565 2965 700 3029 unicum
715 2965 915 3048 eloquentiae
941 2985 1091 3032 normam
1106 2974 1246 3050 putent;
1268 2987 1331 3051 ego

242 3073 352 3131 umen
367 3067 463 3130 aliter
479 3067 598 3142 sentire
612 3086 681 3130 non
695 3087 842 3151 possum,
869 3069 999 3152 quoties
1025 3069 1169 3152 ineptius
1184 3069 1274 3147 illus,
1297 3076 1333 3136 et

240 3185 317 3231 vere
333 3167 467 3250 putidas
479 3168 651 3232 verborum
660 3169 860 3252 quisquilias
872 3170 1019 3246 memini,
1028 3177 1068 3232 ut
1083 3189 1158 3234 cum
1168 3170 1331 3238 theutrum

241 3269 384 3340 ‘urbane
404 3268 533 3332 castru'
555 3277 669 3334 vocet:
694 3271 898 3335 ‘Proximus
923 3271 1123 3336 militaribus
1145 3271 1330 3352 institutis:

243 3369 362 3451 inquit,
385 3369 450 3433 ‘ed
465 3371 591 3434 urbana
606 3379 729 3450 cestra,
744 3373 780 3436 id
795 3379 846 3437 est
861 3375 1000 3449 theatra,
1020 3374 1141 3454 gradum
1155 3373 1331 3438 faciendus

242 3469 324 3534 est:’
345 3475 378 3535 et
393 3469 469 3536 Lib.
487 3487 541 3533 ιιι.
559 3491 635 3556 cup.
651 3471 684 3538 8.
707 3473 855 3539 Socratis
871 3482 981 3539 antem
1003 3475 1191 3538 ‘virilitatis
1213 3476 1332 3540 robore

242 3571 403 3654 palliatus
418 3575 548 3638 unimus
559 3574 580 3638 :’
601 3574 691 3639 etde
706 3577 841 3641 ceneL.
858 3577 959 3642 Pauli
981 3595 1050 3640 non
1075 3576 1171 3640 aliter
1185 3596 1286 3658 quum
1302 3578 1332 3642 si

244 3669 286 3735 de
302 3693 446 3736 excessu
464 3675 506 3738 D.
524 3673 670 3756 Augusti
685 3677 892 3760 loqueretur:
908 3682 918 3710 ‘
932 3677 1136 3742 Decesscrat
1150 3685 1258 3742 eutem
1274 3697 1332 3744 cn·

244 3773 357 3851 tellus,
373 3794 469 3856 quem
486 3775 598 3858 puella
612 3777 646 3839 in
661 3777 794 3842 deliciis
809 3779 968 3855 habebnt,
990 3780 1120 3842 nomine
1137 3777 1243 3841 Perse
1255 3777 1275 3841 ε’
1300 3785 1335 3843 et

245 3873 321 3940 Lib.
340 3892 389 3938 ιν.
404 3895 481 3958 cop.
496 3877 527 3940 6.
553 3878 582 3940 si
599 3879 746 3961 antiquis
760 3881 855 3944 libris
870 3879 955 3944 fides
978 3877 1129 3944 habenda
1149 3885 1223 3944 cst:
1246 3880 1333 3946 Sunt

244 3979 303 4040 ‘et
317 3977 488 4058 alienigeni
511 3979 635 4044 umoris
658 3981 781 4044 cineres
808 3982 877 4044 usti
901 3982 1103 4046 obscuritate
1127 3981 1331 4062 ignorantiae,

243 4095 313 4142 non
328 4079 438 4144 obruti
447 4079 466 4146 :'
487 4087 520 4146 et
541 4083 632 4146 mille
653 4083 743 4160 talin,
759 4103 894 4167 quorum
921 4084 1034 4158 toedio,
1057 4101 1157 4165 paene
1179 4083 1331 4158 dixerim,

245 4187 402 4246 onomius
417 4197 500 4248 suun.
530 4182 598 4248 Sed
613 4184 761 4250 ducebar
776 4203 888 4250 rursus
903 4191 953 4250 tot
967 4185 1142 4250 illustrium
1159 4183 1332 4266 exemplo-
