3056 4892
461 389 543 440 cur.
560 389 623 442 vn.
649 391 698 440 nn
722 390 876 440 rrnucra
901 391 976 442 sur.
1201 377 1268 446 399

172 539 204 602 ei
225 537 317 602 eires
331 536 405 602 irati
420 535 669 604 sternendarum
691 535 726 600 in
749 535 877 620 oppido
897 537 1028 602 viarum
1052 539 1264 606 contumeliae

175 657 281 702 causa
294 657 410 702 curam
423 636 625 713 nmndarcut,
638 635 727 720 (crat
740 637 828 702 enim
843 635 927 702 illud
942 638 1157 704 ministerium
1172 639 1264 722 apud

174 757 234 802 eos
249 735 547 820 sordidissimam)
567 738 641 805 sino
654 737 723 804 nlla
744 739 958 804 cunctatione
972 737 1008 804 id
1025 739 1164 822 recepit,
1185 741 1265 806 ‘dn-

174 847 349 924 tnrumqne
364 859 402 906 ae
416 859 554 924 operam
566 845 604 905 ut
616 839 711 906 brevi
721 836 749 887 ⁶⁵
770 839 1061 922 speciosissimum
1076 839 1190 920 fieret,’
1211 861 1265 908 ns·

174 943 350 1006 severavit.
408 941 556 1008 Mirifice
583 938 705 1007 deindo
732 940 975 1022 procuratione,
1000 941 1263 1024 abjectissimum

172 1044 344 1125 negotium
358 1063 421 1128 pro
446 1041 654 1126 amplissimo
674 1047 868 1108 ornamento
892 1042 1115 1126 expetendum
1138 1043 1265 1110 Thebis

172 1144 336 1216 reddiditr

214 1245 246 1309 6.
270 1244 441 1310 Hannibal
468 1261 549 1308 vero
571 1262 647 1310 cum
673 1243 764 1327 apud
790 1263 899 1327 regem
921 1244 1076 1312 Prusiam
1097 1246 1264 1324 exularet,

172 1352 356 1430 auctorque
379 1347 410 1409 ei
437 1345 669 1410 committendi
695 1344 864 1429 praelii⁶⁶⁸
883 1353 984 1423 essct,
1018 1351 1117 1431 atque
1145 1347 1266 1413 innon

171 1446 260 1511 idem
279 1447 345 1512 sibi
366 1447 455 1513 extio
478 1447 633 1530 portendi
658 1447 805 1514 diceret:
829 1447 905 1512 ‘An
917 1447 974 1526 tu,'
994 1449 1112 1532 inquit,
1134 1447 1265 1518 ‘vituli-

170 1566 224 1612 nae
247 1548 450 1625 carunculae,
472 1567 576 1631 quum
601 1548 796 1631 imperatori
821 1550 941 1626 veteri,
963 1551 1074 1617 marie
1096 1549 1266 1618 crederet'
1354 1629 1356 1637 y

171 1647 209 1712 Si
222 1651 325 1714 verbo
338 1667 502 1728 numeres,
516 1648 660 1715 breviter
674 1654 710 1714 et
731 1649 863 1714 absciso
875 1670 883 1714 ε
893 1661 914 1688 ¹⁸
923 1648 951 1700 ⁶⁷
974 1650 1005 1716 si
1020 1669 1152 1716 sonsum
1172 1653 1263 1718 meti-

169 1770 251 1828 mes,
265 1751 402 1834 copiose
416 1756 451 1816 et
463 1750 617 1816 valenter.
661 1749 851 1834 Hispaniae
866 1755 954 1818 onim
969 1752 1120 1835 direptas
1135 1755 1262 1837 populo

169 1851 335 1930 Romano,
348 1858 382 1917 et
395 1850 583 1917 Galliarum
592 1850 619 1891 ⁶⁸
635 1871 676 1918 ac
686 1851 832 1934 Liguriae
847 1853 936 1920 viros
949 1855 985 1920 in
998 1873 1095 1920 snam
1108 1853 1262 1920 redactos

169 1943 384 2037 potestatem,
398 1963 433 2018 et
453 1972 544 2018 novo
567 1948 733 2018 transitu‘
749 1951 888 2037 Alpium
913 1953 997 2037 jugo
1021 1955 1205 2038 patefacta,
1227 1964 1263 2020 et

168 2054 400 2118 Trasimenum
414 2055 527 2119 lacum
541 2054 615 2120 dira
627 2055 773 2119 inustum
787 2055 1145 2134 memoriaemartino
1159 2057 1262 2122 Puni·

169 2174 220 2220 ceo
234 2155 381 2221 victoriae
397 2155 616 2224 clarissimum
629 2161 887 2233 monumentum,
913 2163 947 2224 ct
959 2157 1112 2241 Capuam
1127 2175 1262 2241 posses·

170 2276 254 2334 sam,
269 2264 305 2321 et
320 2255 454 2321 Italiam
465 2257 648 2321 laceratam
662 2264 741 2322 ante
755 2259 861 2340 pedes
875 2259 1016 2324 hominis
1031 2258 1147 2323 effudit
1157 2279 1176 2339 ;x
1189 2259 1261 2322 uui·

168 2377 275 2442 usqne
290 2359 411 2424 hostiae
419 2358 562 2443 jecinori
575 2359 676 2442 longo
698 2360 928 2444 experimento
953 2365 1107 2426 testatam
1122 2361 1262 2442 gloriam

168 2479 264 2526 snam
279 2460 437 2546 postponi
451 2479 552 2546 ecquo
567 2459 678 2526 auimo
703 2480 770 2526 non
793 2461 880 2527 tulit.
926 2461 973 2526 Et
996 2481 1077 2526 sane
1102 2461 1194 2546 quod
1217 2461 1260 2526 ad

199 2700 218 2726 ¹¹
233 2693 274 2743 Δι
289 2695 351 2756 tu‚'
402 2695 429 2758 Ἰ,
445 2695 901 2748 murenam-aumantium
916 2696 1023 2761 mulum,
1039 2697 1259 2762 mmmmm·

165 2760 361 2819 pruriuntierimo
402 2761 1017 2826 mmmmmeRMerum.

615 2906 797 2928 mu

167 3003 231 3048 -ub
248 2999 522 3054 Bitur.l.rrttubreei.
554 3003 629 3056 idem
637 3005 880 3068 moxdeletl'belir,
896 3019 943 3118 flm
979 3019 1011 3054 uo
1026 3005 1178 3056 Perizonius
1197 3005 1261 3068 legit

170 3063 293 3127 murno,
317 3067 480 3130 improbante
499 3069 612 3134 Kappio.
645 3070 729 3120 lueto
746 3077 787 3120 eet
804 3071 847 3118 ‘ln
866 3085 896 3119 ur
916 3084 931 3118 e
982 3070 1149 3120 obunci—66
1165 3070 1260 3132 (lupen.

166 3132 293 3192 auctorque
305 3131 387 3192 proetii
401 3133 568 3190 coonnittenui,
584 3133 679 3185 omium
694 3135 730 3196 τᾷ
746 3133 777 3184 ei.
810 3133 875 3184 Mox
895 3133 974 3184 Berb.
991 3138 1015 3183 1.
1035 3132 1127 3183 Leidd.
1145 3137 1170 3182 2.
1187 3138 1212 3182 u.
1231 3143 1259 3182 et

168 3191 262 3255 Copce.
273 3209 319 3243 uon
331 3195 392 3246 idem
401 3195 446 3244 riti
455 3198 497 3246 sert
506 3199 587 3256 entim·
602 3198 677 3248 Leid.
689 3202 712 3248 1.
728 3202 752 3248 rt
770 3197 833 3248 &em
849 3213 895 3248 noa
910 3197 956 3246 rili
972 3197 1027 3253 bic:
1042 3211 1109 3246 nuria
1127 3197 1217 3246 Rbem.
1235 3202 1259 3246 et

165 3255 228 3304 wem
240 3272 285 3306 uon
295 3259 341 3308 atui
351 3259 466 3310 boc—6⁷
483 3261 607 3314 Quodam
621 3261 682 3312 edd.
693 3262 789 3314 habeut
799 3261 974 3312 almona—oe
990 3262 1123 3325 Hiupuniur
1132 3276 1152 3312 e.
1167 3266 1260 3324 ereptus

164 3333 190 3382 p.
202 3320 317 3384 Roumno,
335 3323 530 3387 (initiamur.
542 3326 666 3390 inCunrp·
682 3326 719 3376 H.
737 3341 757 3376 e.
774 3327 887 3391 direptor,
932 3325 984 3389 puli
1001 3327 1107 3376 Romani·
1122 3331 1156 3388 et,
1173 3327 1211 3386 tc.
1233 3325 1258 3372 in

166 3383 238 3446 uliie;
256 3401 342 3437 omnen
353 3387 873 3455 Tomeu.bubentrlireptor,relderrptnu=
908 3389 1023 3441 undecim
1036 3389 1141 3452 babent,
1158 3395 1181 3440 et
1201 3389 1259 3438 Gut·

659 3549 766 3602 NOTAE

166 3677 210 3726 De
232 3676 365 3728 Annibuliu
388 3679 503 3730 victoriis
520 3679 575 3744 Jem
596 3679 692 3746 rapine
727 3679 870 3744 Jieijueeit.
903 3679 1084 3742 Itanetiuue,
1103 3675 1213 3740 Probae,
1229 3683 1258 3726 et

168 3750 287 3803 (linimur.
731 3757 804 3807 Plut.

197 3828 386 3879 ‘Comaeittrnrli
394 3829 485 3893 prelii]
500 3829 564 3879 Cum
576 3831 693 3880 Eumene
764 3831 837 3884 tAu.
849 3831 886 3880 Μ.
897 3835 970 3880 tulit.
987 3829 1030 3882 Ol.
1040 3834 1097 3881 lot.
1106 3833 1133 3880 θ’.
1150 3828 1213 3878 Urb.
1224 3828 1256 3878 C.

166 3903 328 3968 Pergameno
346 3905 442 3954 bellum
460 3911 612 3968 conceperat
626 3905 692 3954 Pru·
731 3910 789 3956 886.
808 3905 870 3955 Aut.
881 3905 996 3956 ennae.

166 3979 233 4028 eim:
250 3988 278 4030 et
289 3981 323 4030 ab
334 3993 366 4029 eo
379 3995 463 4043 pugne
479 3979 597 4030 oncant
607 3981 690 4036 ricton
763 3978 850 4029 'Nouo
861 3980 975 4044 tomento]
999 3979 1105 4044 Alpium
1119 3980 1184 4043 juga
1198 3992 1257 4028 enm

166 4060 221 4102 eet:
239 4061 266 4103 ut
277 4056 375 4104 novalia
387 4055 470 4118 praelii
481 4061 509 4104 et
523 4055 640 4105 victorin
652 4057 691 4105 illl
730 4055 849 4106 exercitu
876 4056 973 4118 primur
1000 4054 1112 4104 Annibal
1135 4067 1258 4118 raperere

165 4135 256 4177 auctor
276 4128 325 4179 tuit
347 4130 467 4194 Annibal,
484 4131 529 4196 qui
547 4143 623 4180 omne
639 4145 692 4180 ser·
732 4145 808 4180 ansus
820 4137 872 4190 erm
898 4131 923 4178 in
943 4143 993 4194 qno
1006 4129 1167 4180 transirent.
1179 4128 1258 4180 bumi-

166 4211 273 4267 pentum
285 4220 365 4270 genua
375 4206 473 4257 medior
492 4206 520 4256 in
535 4207 622 4256 butten
634 4219 693 4270 pro·
732 4219 791 4255 nuru
803 4205 883 4256 millia
893 4205 1005 4256 amicitae
1016 4203 1108 4256 fertur.
