3126 4902
380 415 460 464 oar.
477 413 533 465 ιιι.
558 413 607 464 on
632 415 886 465 ursimannus·
912 417 1138 466 susurronis.
1239 401 1305 470 253

209 557 344 628 Aurelii
358 559 499 626 Scaurus
521 560 715 626 doctoribus
729 559 950 641 gladiatorum
976 559 1159 636 arcessitis
1173 559 1305 625 vitandi

210 667 311 748 atque
324 661 480 726 inferendi
492 663 579 726 ictus
595 662 802 726 subtiliorem
817 663 977 726 rationem
992 662 1122 744 legibus
1136 662 1304 744 ingenera-

208 767 259 829 vit
269 765 303 829 ι’
324 765 546 848 virtutemque
562 763 659 843 antif,
673 773 708 829 et
723 783 836 829 rursus
852 771 956 828 artem
969 763 1081 829 virtuti
1097 763 1252 844 miscuits
1268 769 1305 828 nt

207 865 268 932 itta
279 869 405 949 impetn
420 865 520 949 hujus
534 866 663 943 fortior,
685 865 758 930 baec
773 864 863 928 illins
878 864 1018 928 seientia
1033 865 1160 928 cautior
1175 864 1290 930 lieret.t

250 966 283 1031 3.
305 963 472 1031 Velitum¹
492 985 575 1030 usus
596 985 638 1030 oo
652 965 741 1030 bello
757 966 899 1049 primum
912 973 1059 1048 repertus
1073 973 1136 1042 est,
1156 986 1222 1049 quo
1238 966 1304 1032 Ca·

207 1066 333 1151 pnamt'
356 1067 496 1132 Fulvius
517 1064 684 1134 Flaccusk
706 1069 907 1150 imperator⁷
930 1062 1079 1130 obsedit¹
1124 1065 1303 1132 Nemeum

207 1171 372 1253 equitatui
387 1168 636 1252 Campanorum
647 1169 770 1234 crebris
781 1168 1076 1233 excursationibus
1090 1169 1218 1251 equites
1228 1187 1304 1233 nos-

204 1271 259 1348 tri,
275 1271 357 1353 quia
372 1287 507 1334 numero
522 1270 700 1352 panciores
715 1277 820 1345 erant,
835 1270 986 1334 resistere
999 1288 1064 1334 non
1080 1275 1230 1352 possent,
1256 1269 1301 1349 Q.

210 1370 353 1436 Naevius
368 1372 518 1439 centurio
532 1391 551 1434 e
565 1371 734 1455 peditibus
748 1371 853 1434 lectos
877 1371 1026 1454 expediti
1044 1371 1208 1454 eorporis,
1228 1373 1303 1436 bre·

210 1473 311 1538 vibus
326 1480 361 1537 et
377 1473 546 1538 incurvis⁸
569 1475 716 1557 septenis
732 1481 875 1538 armatos
890 1473 1009 1549 bastis,
1033 1491 1136 1556 parvo
1157 1475 1303 1556 tegmine

207 1574 366 1650 munitos,
382 1573 490 1638 veloci
507 1575 593 1638 saltu
611 1573 749 1658 jungere
763 1594 800 1638 se
815 1575 1049 1658 equitantibus,
1070 1581 1105 1638 et
1120 1593 1231 1639 rursus
1247 1595 1303 1640 oe·

206 1673 268 1738 leri
283 1679 372 1738 motu
388 1673 498 1738 delabi
513 1675 675 1740 institnit:
698 1693 765 1760 qno
781 1674 913 1739 facilius
929 1675 1076 1758 equestri
1092 1674 1210 1758 praelio
1223 1677 1303 1741 snb·

238 1897 380 1950 ‘Ernestis
402 1904 527 1964 magistris
541 1905 702 1965 gladiatores·
723 1921 754 1956 es
770 1907 849 1956 scitota
868 1907 1014 1969 gladiatoria
1035 1907 1082 1956 Ca.
1092 1906 1188 1958 Aurelii
1206 1905 1303 1966 nond,

205 1961 343 2088 simil
362 1968 426 2015 datis
443 1967 515 2017 sertis
533 1968 623 2030 iegibus
639 1972 733 2019 modun
748 1972 862 2033 qsesrdaaa
879 1971 1024 2020 subtiliorem
1044 1972 1105 2020 ictas
1129 1977 1153 2021 et
1172 1972 1264 2022 obedi
1279 1975 1303 2019 et

665 2131 845 2152 mm

208 2219 376 2271 Torrenlani:
399 2237 430 2272 a
448 2225 502 2274 lado
521 2223 580 2274 Gaii
600 2224 701 2280 Souarir
718 2225 813 2286 Copes.
831 2237 889 2274 rum
909 2222 1019 2288 quodam
1037 2223 1104 2274 alio:
1120 2237 1152 2272 es
1169 2225 1222 2273 lado
1242 2224 1305 2274 cant

207 2283 313 2344 Senam
329 2286 451 2337 Perizou.
471 2303 502 2336 es
519 2289 572 2338 ludo
592 2291 621 2338 Γ.
638 2289 731 2338 Aurelii
752 2288 854 2346 cnudi,-
870 2287 929 2336 edd.
949 2287 1146 2336 vetustissimo:
1163 2302 1194 2337 es
1206 2289 1259 2336 ludo
1273 2289 1303 2339 C.

206 2348 317 2407 santin-
333 2359 458 2412 qnatnor:
475 2366 506 2400 a
516 2353 571 2400 tado
583 2354 613 2402 C.
626 2352 724 2400 Matlir':
743 2351 847 2400 Venett.
859 2367 917 2400 eum
930 2365 981 2400 nno
999 2351 1055 2400 cod.
1072 2366 1103 2400 es
1113 2351 1167 2398 ludo
1180 2351 1209 2400 c.
1223 2353 1304 2403 Melia

207 2412 272 2461 Mox
282 2411 343 2461 add.
354 2421 417 2462 vett.
427 2415 565 2474 oeensitiu
581 2416 652 2464 Dan.
663 2423 690 2464 et
702 2415 799 2464 Brund.
810 2420 833 2464 1.
843 2419 867 2464 ὓ.
879 2415 1006 2464 arcersitis.
1034 2415 1086 2464 Pro
1097 2414 1188 2476 legibus
1197 2415 1303 2478 Pighius

206 2475 233 2524 iu
245 2476 359 2538 margine
369 2479 512 2538 annotavit,
522 2479 709 2540 &ginden-d
720 2479 814 2542 Copes.
824 2479 981 2542 uirtutemque
991 2480 1040 2528 arti
1049 2479 1180 2528 commisit:
1197 2479 1304 2542 Pighius

207 2539 273 2601 legit
282 2541 438 2604 uirtutemque
446 2559 469 2592 a.
477 2547 500 2592 et
511 2557 532 2590 r.
541 2557 564 2592 a.
572 2559 595 2595 o.
606 2543 741 2592 immiscuit.
770 2543 971 2594 Orratnordeeiru
980 2544 1089 2593 Torren.
1097 2557 1155 2592 euin
1167 2541 1227 2592 edd.
1240 2551 1304 2594 vett.

208 2603 337 2664 omuibus,
356 2605 445 2655 errare
461 2607 613 2658 miscuit-l
630 2608 689 2657 Vox
709 2607 741 2656 ira
799 2612 837 2656 tor
856 2607 931 2656 abest
951 2623 965 2655 a
985 2607 1122 2656 litandi.
1141 2611 1166 2656 2.
1184 2613 1212 2656 et
1226 2607 1302 2658 Voss.

206 2666 270 2716 Mox
281 2667 357 2716 ildern
369 2683 426 2718 eum
438 2669 523 2720 Bitur.
534 2675 558 2720 l.
571 2671 643 2720 neto.
655 2677 680 2721 s.
696 2682 723 2721 er
759 2672 856 2720 eriaon.
874 2671 1050 2720 aurantius
1057 2686 1067 2730 ,·
1085 2669 1156 2720 Leid.
1175 2673 1200 2719 i.
1218 2685 1303 2722 mu·-

207 2731 365 2781 sitatiasidars.
389 2733 483 2797 (iopes.
503 2735 593 2785 milites
610 2736 743 2786 nostri-8
760 2735 822 2784 Vet.
841 2735 950 2784 brenidm
967 2740 991 2784 rt
1009 2735 1134 2792 internis:
1153 2736 1305 2800 nndeLips.

209 2793 242 2850 Q.
254 2796 356 2846 Noeaiaa
367 2798 496 2849 certurio.-
507 2813 528 2848 s.
538 2815 563 2864 p.
574 2801 591 2849 l.
601 2817 623 2849 a.
634 2815 655 2850 s.
665 2800 687 2851 b.
695 2805 718 2848 st
727 2799 828 2865 isfirsris
837 2815 857 2847 s.
866 2816 889 2848 a.
897 2801 972 2850 bustis
980 2815 1070 2863 parrae
1078 2800 1182 2860 tegmine
1190 2804 1302 2850 nauta.

206 2857 282 2910 Harl.
302 2861 598 2922 Q.Naeasu‚·1²euaou.
619 2865 651 2920 Q.
663 2863 775 2913 Medea:
799 2865 894 2926 Ultraj.
916 2870 939 2914 1.
958 2865 1066 2924 omittit,
1081 2863 1196 2912 muter.
1229 2865 1304 2926 ltlox,

207 2925 395 2987 septemdecim
406 2927 482 2977 codd.
494 2943 551 2978 euru
563 2929 624 2980 Vet.
636 2929 744 2988 babent,
759 2927 926 2991 equitatibu.
943 2935 973 2977 ut
982 2926 1065 2977 Aldus
1076 2935 1102 2975 et
1115 2926 1205 2976 cbale.
1215 2928 1303 2978 edide-

700 3073 807 3124 NO'I'AE

239 3193 313 3245 trin.
324 3197 362 3247 Μ.
372 3201 445 3250 3949.
458 3201 502 3252 ot.
516 3205 571 3253 lde.
584 3207 609 3254 t.
628 3201 692 3252 Urb·
703 3203 733 3252 C·
773 3201 835 3250 olim
854 3199 1002 3264 Campaniae
1015 3199 1090 3260 longa
1109 3196 1303 3259 nobilissimam,

207 3272 265 3320 048.
283 3270 343 3322 Aut.
354 3273 384 3324 c.
398 3279 452 3324 lot.
773 3283 800 3326 et
811 3277 838 3325 in
851 3275 929 3325 ltalia
942 3275 1030 3324 Rornae
1043 3274 1177 3334 aemulam
1193 3275 1301 3325 taxaris

240 3345 248 3380 ¹
260 3347 375 3414 Velitum]
401 3353 511 3414 Velites,
523 3355 594 3418 quasi
606 3355 733 3417 volantes,
774 3361 801 3402 et
812 3351 941 3416 superbis
950 3349 1115 3406 domicilium,
1126 3363 1158 3399 ex
1167 3349 1302 3400 Cicerone.

196 3437 240 3486 ¹ex
261 3423 349 3476 Festo.
382 3427 422 3477 Ex
444 3429 562 3480 omnibus
589 3429 733 3493 legionibus
774 3431 862 3482 Hodie
875 3432 976 3494 Capeus.

205 3500 285 3550 electi
298 3501 408 3566 juvenes
425 3511 499 3555 erant
518 3508 628 3556 maxime
645 3507 733 3570 rigore
807 3505 925 3555 'Fuluius
936 3502 1046 3567 Fbcess]
1068 3504 1102 3555 Q,
1115 3503 1218 3552 Fulvius
1230 3503 1302 3552 l’lse-

204 3583 232 3627 et
253 3579 363 3628 levitate
383 3595 518 3646 corporum
540 3584 660 3642 veloees;
689 3583 733 3647 qui
774 3595 820 3630 ens
840 3578 965 3629 exnobttt
984 3579 1132 3628 Fulviorum
1155 3585 1302 3638 atsnumte,

203 3653 292 3718 juncti
309 3656 439 3719 equitibus
457 3665 612 3720 pugnarent,
623 3657 694 3708 docti
706 3659 733 3706 in
773 3657 826 3722 qui,
839 3655 920 3706 tribus
938 3653 1119 3704 Consulatibna
1136 3661 1164 3702 et
1186 3652 1302 3702 Censura

205 3741 286 3792 equos
303 3745 370 3793 pone
389 3733 491 3796 equites
510 3733 623 3796 insilire;
651 3743 678 3784 et
690 3734 734 3782 ubi
774 3731 937 3796 perfunctus,
959 3745 1012 3780 rern
1034 3736 1128 3780 contre
1149 3727 1302 3778 Annibalem

185 3817 188 3826 ¹
205 3801 305 3866 siguum
317 3806 404 3854 datum
413 3815 492 3866 esset,
509 3807 612 3858 desilire
624 3809 734 3873 peruici-
774 3808 892 3874 gerebat.

205 3883 263 3930 ter:
279 3895 358 3945 qnare
374 3882 474 3946 equites
486 3893 546 3933 ante
556 3898 679 3948 pugnarn,
690 3899 733 3948 pe·
807 3881 935 3946 ¹0bsedit]
962 3879 1008 3930 Bis
1031 3880 1079 3928 boe
1100 3891 1165 3928 auno
1185 3877 1301 3942 Capuam

207 3953 277 4005 dites
296 3956 321 4004 in
343 3971 443 4020 pugna;
467 3955 614 4008 ferentariis
632 3959 735 4021 uostris,
774 3959 877 4009 obsedit
886 3956 1000 4016 Fulvius,
1009 3953 1088 4004 semel
1097 3959 1158 4003 ente
1169 3952 1257 4002 urbem
1269 3951 1301 4002 ab

208 4031 285 4096 snlgo
301 4031 424 4094 Dragoss,
434 4033 459 4083 in
476 4048 507 4084 eo
519 4040 618 4084 tantnnr
633 4034 736 4084 absimi·
774 4033 902 4084 Annibale
924 4031 1063 4091 obsessam,
1081 4031 1173 4078 iterum
1191 4027 1302 4092 depulso

207 4103 331 4169 les,quod
340 4108 379 4156 itti
391 4110 481 4160 altenis
492 4109 575 4173 equis,
585 4110 610 4159 bi
622 4109 734 4174 propriis
775 4111 808 4160 ab
819 4109 884 4160 urbe
895 4105 1031 4160 Annibale.
1064 4107 1108 4156 De
1119 4105 1215 4169 Capuae
1226 4102 1301 4155 clade

206 4180 343 4234 rebuntnr.
775 4193 872 4252 postea.

238 4255 380 4324 terpus]
406 4260 448 4311 Ad
470 4263 635 4326 Vulturnum,
654 4263 734 4313 totius
