3100 4898
390 429 472 480 oar.
489 429 570 482 vui.
595 431 642 481 oa
665 431 764 482 sunu
787 427 1074 482 unicornuum.
1217 417 1285 484 307

186 572 384 636 necessarias
399 574 488 650 istu'e,
502 573 550 638 ita
564 573 721 657 lugubres
746 593 880 656 semper
905 573 1111 639 existimatae
1132 573 1283 639 victoriae

186 679 280 750 sunt,
294 678 412 755 utpote
427 693 494 737 uon
504 681 653 753 externo,
669 675 728 740 sud
743 675 926 740 domestico
939 681 1043 760 partae
1056 693 1187 740 cruore.
1210 674 1281 740 Ita-

186 791 252 854 que
268 778 302 836 et
317 773 449 839 Nasica
469 774 523 838 Ti.
538 773 706 854 Gracchi:
728 783 765 839 et
779 773 936 858 Opimius
962 776 1001 841 C.
1016 776 1163 841 Gracchi
1185 775 1283 840 facti·

185 882 302 937 ones¹²
325 877 437 941 moesti
451 877 669 942 trucidarunt.
714 876 759 956 Q.
775 876 929 954 Catulus,
945 877 994 941 M.
1008 879 1140 962 Lepido
1154 879 1284 960 collega

184 993 248 1039 suo
257 995 335 1040 euru
350 979 503 1042 omnibus
518 978 693 1044 seditiosis
706 979 816 1061 copiis
830 979 1004 1057 extincto·
1023 984 1152 1043 tuntum
1162 985 1187 1026 ²³
1209 999 1282 1044 mo·

138 1149 141 1156 ,
184 1075 422 1163 deratumprae
443 1079 606 1146 auferens
628 1080 802 1163 gaudium,
816 1081 851 1144 in
864 1079 990 1152 Urbem
1012 1081 1198 1144 revertitur.
1242 1079 1281 1144 C.

184 1178 287 1242 etiam
300 1176 482 1244 Antonius‘
502 1179 660 1248 Catilinae
673 1183 782 1248 victor
795 1182 966 1246 abstersos
980 1181 1112 1265 gladios
1123 1181 1158 1244 iu
1173 1187 1283 1246 castra

182 1273 307 1344 retulit.
351 1280 391 1344 L.
403 1279 523 1360 Cinna,
536 1289 570 1350 et
594 1283 633 1348 C.
649 1284 804 1350 lidoriusi
824 1283 1005 1348 hauserant
1028 1283 1163 1368 quidem
1189 1281 1282 1346 avidi

184 1379 314 1443 civilem
331 1383 547 1464 sauguinem:
571 1385 708 1450 sednon
731 1384 883 1468 protinus
908 1384 953 1448 ad
975 1384 1102 1466 templa
1127 1383 1281 1448 Deorum

182 1485 218 1544 ot
233 1499 309 1545 aras
324 1481 536 1548 tetenderunt.
580 1485 665 1550 Item
682 1485 722 1550 L.
738 1484 877 1568 Syllae*
896 1486 954 1568 qui
969 1485 1110 1568 plurima
1122 1485 1211 1548 bella
1233 1483 1281 1548 ci·

181 1581 286 1648 viliav
308 1584 463 1664 coniecit,
478 1587 576 1672 cujus
591 1587 814 1652 crudelissimi
828 1593 861 1652 et
879 1585 1133 1651 insolentissimi
1147 1603 1281 1650 succes·

640 1735 820 1756 “nemone

181 1808 255 1862 llari.
266 1819 293 1861 et
305 1813 386 1864 Barb.
397 1817 419 1864 l.
429 1814 528 1865 &odo
540 1815 597 1864 Diu
604 1817 735 1864 aaut-2²
752 1813 829 1866 Multi
840 1813 918 1864 codd.
929 1827 987 1864 eum
996 1813 1057 1864 Vet.
1071 1812 1124 1862 uit.
1138 1811 1279 1868 Graeclam,

180 1881 204 1923 et
217 1877 250 1925 G.
262 1877 374 1927 Metellae
385 1879 476 1942 Opinati
478 1879 672 1938 fuerim-aa
690 1877 796 1942 Pighius
813 1893 846 1928 ea
857 1878 959 1928 Wiork.
972 1879 1062 1928 Colou.
1082 1883 1110 1926 et
1126 1877 1220 1926 Atreb.
1240 1891 1280 1924 re·

181 1939 267 1989 stituit
276 1940 488 2006 rbtoutum,quod
500 1943 575 1992 deeat
586 1945 610 1992 iu
622 1943 817 2008 quatuordecim
829 1941 906 1991 codd.
915 1944 1023 1992 Torren.
1035 1955 1081 2004 pro
1092 1955 1144 2006 quio
1155 1941 1200 1988 ille
1212 1941 1279 2004 conj·

178 2007 272 2054 tuntum
282 2021 343 2054 aun:
360 2021 425 2054 unua
436 2006 544 2056 Torreu.
556 2006 634 2056 habet
644 2013 732 2068 taran,
749 2012 778 2054 et
794 2019 842 2068 pro
859 2021 883 2056 ν.
903 2007 921 2054 Ι.
938 2021 1024 2068 qaam:
1042 2005 1102 2053 Vet.
1113 2017 1171 2052 cum
1183 2003 1280 2066 Ultraj.

180 2071 205 2117 1.
217 2069 258 2132 pai
268 2075 319 2118 tara
328 2071 483 2122 madantum.
516 2071 589 2134 Mox,
606 2071 632 2120 ia
651 2069 738 2120 Urbem
754 2070 853 2121 reuertit
870 2071 896 2120 iu
907 2069 1034 2120 Van-24
1051 2069 1160 2130 quue
1170 2067 1201 2118 Ia.
1211 2067 1280 2118 seua

675 2183 783 2236 NO'l'AE

178 2279 308 2342 ovatione,
325 2281 364 2330 uti
374 2280 400 2330 in
410 2281 541 2345 triumpho
552 2287 650 2345 taurua,
662 2282 708 2332 iru-
749 2278 813 2332 tabe
822 2280 910 2344 periit.
942 2280 988 2330 Ita
999 2277 1279 2341 Fluruaetdpplauua,

178 2355 457 2408 mularicouaueverat.
490 2356 533 2406 lta
543 2357 708 2408 Plutarchus.
780 2359 835 2407 ⁸0.
855 2358 929 2407 niara
947 2355 1076 2420 Aatoaa'ar]
1099 2354 1232 2405 Ciceronia
1251 2354 1278 2403 iu

179 2430 316 2480 Orationis
328 2438 355 2480 et
367 2431 499 2496 triumphi,
515 2440 544 2482 nt
562 2447 640 2482 cauea
658 2432 707 2482 clia·
749 2433 889 2485 Conaulatu
908 2435 1024 2499 collega:
1043 2448 1094 2483 uon
1114 2433 1169 2496 ipae
1191 2439 1279 2482 tamen

177 2519 233 2569 par,
249 2506 287 2555 ita
297 2506 374 2556 etiam
388 2505 464 2569 longa
475 2506 601 2570 disparet
615 2508 707 2570 gloria,
748 2511 888 2561 Catilinam
906 2511 979 2574 vicit,
994 2509 1039 2559 aed
1056 2508 1178 2558 Petreius
1198 2507 1279 2570 ipaiua

178 2589 206 2632 et
227 2595 336 2646 pompa:
365 2583 410 2647 qui
431 2597 481 2634 nee
503 2583 632 2644 Dictator,
657 2597 706 2632 uec
746 2586 855 2650 legatur,
871 2587 913 2638 cui
933 2586 1042 2650 pedibus
1059 2598 1130 2650 aeger
1148 2583 1277 2632 Antonine

178 2657 284 2719 Couaul,
301 2671 349 2707 nec
359 2657 471 2720 Praetor,
485 2659 639 2722 neojurtum
649 2659 706 2708 hoa·
746 2661 891 2714 exercitum
902 2663 1066 2728 permiserat,
1082 2667 1112 2712 ut
1121 2659 1213 2711 scribit
1223 2659 1279 2710 Sul·

176 2738 246 2796 tem„
256 2733 302 2784 aed
313 2748 425 2795 serrum,
437 2735 555 2798 piratam,
567 2731 704 2798 fugitivum
745 2737 846 2788 luatioa.

176 2807 292 2871 vicisset,
308 2809 368 2859 huic
378 2811 466 2860 ovatio
480 2825 611 2873 coueeaaa,
626 2826 704 2874 nega·
775 2821 789 2849 ¹
798 2815 828 2866 1,.
838 2815 924 2877 Clam,
932 2819 955 2864 et
967 2815 997 2864 C.
1006 2811 1114 2874 Moriar]
1123 2809 1192 2861 Vide
1200 2811 1246 2862 lib.
1259 2825 1279 2861 r.

176 2891 219 2936 tua
237 2885 391 2950 triumphus.
423 2886 541 2950 'l'uruque
563 2885 613 2950 ipsi
632 2885 705 2934 indul
745 2895 839 2954 caps.
856 2895 961 2940 numu.
977 2888 1040 2938 ‘Ad
1053 2887 1149 2950 templa
1160 2887 1276 2936 Deorum

174 2967 249 3009 reate
277 2959 436 3024 triumphali,
461 2960 550 3011 laurea
578 2960 704 3022 coronari,
745 2963 845 3014 illinon
857 2959 1277 3026 tetenderunt,'inquitVuleriua,

176 3050 304 3100 curruque
324 3038 352 3086 iu
373 3037 465 3088 urbem
483 3037 569 3089 invehi
588 3037 705 3087 uetitum.
746 3039 820 3089 ntde
832 3047 908 3104 parta
921 3035 1276 3104 victoriaDiisgratiaaage-

176 3109 244 3161 ldae
254 3109 310 3160 fera
322 3113 432 3177 Dionys.
746 3121 814 3177 rent,
829 3122 856 3164 et
868 3128 939 3164 more
956 3111 1170 3176 triumphantium
1180 3108 1276 3160 saerid·

207 3187 326 3238 ‘Nasica
348 3189 387 3238 li.
404 3187 582 3252 Caecitas]
598 3187 705 3240 Caedem
745 3197 847 3241 carent.
1245 3240 1250 3250 ,

174 3261 340 3313 'thraccbi
360 3264 519 3314 narravimus
537 3264 583 3314 lib.
598 3278 618 3314 1.
640 3278 664 3315 c.
679 3267 705 3315 t.
778 3265 856 3323 'Qua'
877 3265 980 3331 platina
999 3264 1059 3314 bella
1080 3263 1172 3327 duilio]
1194 3263 1278 3314 Ante.

174 3339 239 3388 nl.
266 3337 373 3389 Caedem
383 3337 536 3390 C.Greeehl
553 3340 598 3391 lib.
610 3353 631 3390 a.
649 3343 704 3390 ct.
746 3355 822 3407 qnaru
844 3342 870 3391 ln
894 3340 1024 3391 Graeciam
1047 3340 1173 3403 solveret,
1190 3339 1277 3390 Mario

176 3425 202 3462 n·
213 3415 239 3463 6·
745 3415 834 3478 fugato
842 3416 983 3482 sulpitium
991 3415 1075 3466 occidi
1083 3416 1177 3480 juaslt3
1190 3415 1233 3465 nbi
1242 3415 1276 3464 da

205 3493 217 3520 ⁸
233 3487 361 3552 Extincto]
380 3489 441 3539 Non
460 3489 559 3542 occiana
584 3497 671 3540 tamen
689 3505 705 3542 a
744 3491 899 3542 Mithridate
919 3491 1003 3542 victor
1021 3492 1047 3542 iu
1068 3493 1169 3543 ltaliam
1186 3491 1279 3554 rediit,

176 3563 270 3614 Catulo
283 3565 405 3628 Lepidot,
422 3566 484 3616 dnm
500 3573 560 3616 acta
574 3565 653 3632 Syllae
665 3581 704 3618 ra·
745 3567 858 3618 Marium
867 3567 998 3632 juniorem
1011 3568 1050 3618 bia
1061 3568 1136 3630 uicit,
1153 3567 1231 3617 remei
1242 3565 1276 3617 ad

176 3639 294 3690 retudere
306 3641 415 3704 cogitat.
449 3639 705 3706 UrbepulrnsaCa·
745 3641 861 3707 Capuam
880 3657 939 3694 eum
951 3641 1075 3692 Norbano
1087 3641 1211 3703 Quane,
1228 3642 1276 3692 ite·

167 3715 231 3764 'tulo
253 3715 279 3765 in
308 3715 422 3766 Galliam
444 3717 601 3781 Cisalpinam
623 3719 705 3782 abiit3
745 3732 802 3768 rum
820 3717 853 3768 ad
872 3717 1018 3768 Praeneste.
1051 3716 1197 3780 Scipionem
1210 3715 1275 3766 alta·

176 3791 244 3842 nude
255 3805 312 3842 oum
325 3792 442 3841 exercitu
451 3792 483 3841 ad
496 3792 587 3842 urbem
599 3794 705 3844 reverti·
746 3807 801 3843 rum
825 3793 964 3843 Consulem
993 3792 1115 3856 spoliavit
1143 3793 1274 3842 exercitu:

177 3873 229 3930 tur,
245 3866 538 3932 Pontemquobtilvium
555 3877 583 3919 et
600 3869 706 3921 Janieu-
746 3867 815 3931 apud
837 3867 952 3918 Clusium
971 3881 1031 3918 unm
1054 3866 1173 3916 Carbone
1197 3865 1276 3916 dubia

176 3940 229 3991 lum
247 3949 374 4007 occupat:
392 3943 508 4006 praeliuru
526 3958 577 3993 nou
590 3947 706 4008 procula
747 3942 869 4002 victoria,
892 3942 926 3992 ad
949 3941 1040 3992 urbem
1067 3955 1126 3991 cum
1152 3941 1275 3991 Telesino

176 4031 268 4082 campo
277 4018 374 4068 Martio
385 4019 547 4068 commistum
560 4027 619 4080 eat,
635 4017 707 4070 torna
744 4019 861 4069 Samnite
872 4017 973 4069 felicius
989 4018 1132 4083 pugnarit3
1149 4031 1196 4084 par
1207 4019 1276 4083 lega-

176 4093 706 4158 Lepidua,hostiaqueasseuatujudicatna
746 4101 787 4144 toa
799 4095 959 4158 Pompeium,
970 4095 1113 4158 Lucullum,
1130 4093 1278 4164 Servilium,

174 4169 202 4219 iu
212 4167 481 4232 Hetruriamprimum
489 4169 707 4232 necarit,deiude
745 4169 894 4234 Metellum,
909 4169 1005 4235 ubique
1016 4170 1109 4222 rietur.

175 4242 203 4294 la
224 4241 378 4306 Sardiniam,
394 4243 439 4293 obl
457 4243 527 4295 baud
544 4244 625 4294 multo
646 4251 706 4309 port
