<?xml version="1.0" encoding="UTF-8"?>
<!DOCTYPE html PUBLIC "-//W3C//DTD XHTML 1.0 Transitional//EN"
    "http://www.w3.org/TR/xhtml1/DTD/xhtml1-transitional.dtd">
<html xmlns="http://www.w3.org/1999/xhtml" xml:lang="en" lang="en">
 <head>
  <title>
</title>
<meta http-equiv="Content-Type" content="text/html;charset=utf-8" />
  <meta name='ocr-system' content='tesseract 3.04.00' />
  <meta name='ocr-capabilities' content='ocr_page ocr_carea ocr_par ocr_line ocrx_word'/>
</head>
<body>
  <div class='ocr_page' id='page_1' title='image "./factorumdictoru00maxigoog/factorumdictoru00maxigoog_0022.png"; bbox 0 0 3050 4890; ppageno 0'>
   <div class='ocr_carea' id='block_1_1' title="bbox 624 385 1275 448">
    <p class='ocr_par' dir='ltr' id='par_1_1' title="bbox 624 385 1275 448">
     <span class='ocr_line' id='line_1_1' title="bbox 624 385 1275 448; baseline -0.003 0"><span class='ocrx_word' id='word_1_1' title='bbox 624 399 829 448; x_wconf 69' lang='lat' dir='ltr'><strong>auunculo.</strong></span> <span class='ocrx_word' id='word_1_2' title='bbox 1252 385 1275 446; x_wconf 85' lang='grc'><strong>9</strong></span> 
     </span>
    </p>
   </div>
   <div class='ocr_carea' id='block_1_2' title="bbox 174 539 1276 2446">
    <p class='ocr_par' dir='ltr' id='par_1_2' title="bbox 174 539 1276 2446">
     <span class='ocr_line' id='line_1_2' title="bbox 176 539 1275 626; baseline -0.001 -18"><span class='ocrx_word' id='word_1_3' title='bbox 176 542 279 626; x_wconf 85' lang='lat' dir='ltr'><strong>igitur</strong></span> <span class='ocrx_word' id='word_1_4' title='bbox 293 539 565 606; x_wconf 77' lang='lat' dir='ltr'><strong>doctissimorum</strong></span> <span class='ocrx_word' id='word_1_5' title='bbox 580 540 725 606; x_wconf 84' lang='lat' dir='ltr'><strong>virorum</strong></span> <span class='ocrx_word' id='word_1_6' title='bbox 745 540 1183 625; x_wconf 81' lang='lat' dir='ltr'><strong>interpretationessrepius</strong></span> <span class='ocrx_word' id='word_1_7' title='bbox 1198 539 1275 608; x_wconf 88' lang='lat' dir='ltr'><strong>toti-</strong></span> 
     </span>
     <span class='ocr_line' id='line_1_3' title="bbox 179 643 1273 728; baseline 0 -20"><span class='ocrx_word' id='word_1_8' title='bbox 179 645 256 709; x_wconf 87' lang='lat' dir='ltr'><strong>dem</strong></span> <span class='ocrx_word' id='word_1_9' title='bbox 265 645 374 709; x_wconf 83' lang='lat' dir='ltr'><strong>verbis</strong></span> <span class='ocrx_word' id='word_1_10' title='bbox 388 643 521 726; x_wconf 90' lang='lat' dir='ltr'><strong>repetii,</strong></span> <span class='ocrx_word' id='word_1_11' title='bbox 532 643 586 707; x_wconf 86' lang='lat' dir='ltr'><strong>vel</strong></span> <span class='ocrx_word' id='word_1_12' title='bbox 600 663 783 728; x_wconf 85' lang='lat' dir='ltr'><strong>suppresso</strong></span> <span class='ocrx_word' id='word_1_13' title='bbox 792 644 848 708; x_wconf 82' lang='lat' dir='ltr'><strong>vel</strong></span> <span class='ocrx_word' id='word_1_14' title='bbox 862 643 998 708; x_wconf 88' lang='lat' dir='ltr'><strong>laudato</strong></span> <span class='ocrx_word' id='word_1_15' title='bbox 1010 661 1120 708; x_wconf 90' lang='lat' dir='ltr'><strong>eorum</strong></span> <span class='ocrx_word' id='word_1_16' title='bbox 1130 645 1273 708; x_wconf 88' lang='lat' dir='ltr'><strong>nomine.</strong></span> 
     </span>
     <span class='ocr_line' id='line_1_4' title="bbox 179 746 1274 830; baseline 0 -19"><span class='ocrx_word' id='word_1_17' title='bbox 179 747 220 811; x_wconf 94' lang='lat' dir='ltr'><strong>Iu</strong></span> <span class='ocrx_word' id='word_1_18' title='bbox 235 765 301 829; x_wconf 92' lang='lat' dir='ltr'><strong>quo</strong></span> <span class='ocrx_word' id='word_1_19' title='bbox 314 765 381 810; x_wconf 92' lang='lat' dir='ltr'><strong>nou</strong></span> <span class='ocrx_word' id='word_1_20' title='bbox 392 765 521 823; x_wconf 88' lang='lat' dir='ltr'><strong>vereor,</strong></span> <span class='ocrx_word' id='word_1_21' title='bbox 543 750 580 810; x_wconf 91' lang='lat' dir='ltr'><strong>ut</strong></span> <span class='ocrx_word' id='word_1_22' title='bbox 594 747 685 828; x_wconf 84' lang='lat' dir='ltr'><strong>oequi</strong></span> <span class='ocrx_word' id='word_1_23' title='bbox 700 753 736 810; x_wconf 87' lang='lat' dir='ltr'><strong>et</strong></span> <span class='ocrx_word' id='word_1_24' title='bbox 753 746 837 830; x_wconf 88' lang='lat' dir='ltr'><strong>justi</strong></span> <span class='ocrx_word' id='word_1_25' title='bbox 852 764 1002 810; x_wconf 81' lang='lat' dir='ltr'>censores</span> <span class='ocrx_word' id='word_1_26' title='bbox 1016 765 1069 809; x_wconf 88' lang='lat' dir='ltr'><strong>mc</strong></span> <span class='ocrx_word' id='word_1_27' title='bbox 1079 747 1274 828; x_wconf 77' lang='lat' dir='ltr'><strong>vituperent,</strong></span> 
     </span>
     <span class='ocr_line' id='line_1_5' title="bbox 179 846 1275 930; baseline -0.003 -17"><span class='ocrx_word' id='word_1_28' title='bbox 179 867 256 914; x_wconf 89' lang='lat' dir='ltr'><strong>cum</strong></span> <span class='ocrx_word' id='word_1_29' title='bbox 270 867 338 912; x_wconf 91' lang='lat' dir='ltr'><strong>uon</strong></span> <span class='ocrx_word' id='word_1_30' title='bbox 354 867 376 910; x_wconf 90' lang='lat' dir='ltr'><strong>a</strong></span> <span class='ocrx_word' id='word_1_31' title='bbox 389 865 470 930; x_wconf 90' lang='lat' dir='ltr'><strong>quo,</strong></span> <span class='ocrx_word' id='word_1_32' title='bbox 486 846 546 911; x_wconf 88' lang='lat' dir='ltr'><strong>sed</strong></span> <span class='ocrx_word' id='word_1_33' title='bbox 562 847 644 930; x_wconf 88' lang='lat' dir='ltr'><strong>quid</strong></span> <span class='ocrx_word' id='word_1_34' title='bbox 659 847 784 912; x_wconf 87' lang='lat' dir='ltr'><strong>dictum</strong></span> <span class='ocrx_word' id='word_1_35' title='bbox 795 848 849 926; x_wconf 89' lang='lat' dir='ltr'><strong>sit,</strong></span> <span class='ocrx_word' id='word_1_36' title='bbox 864 847 1037 929; x_wconf 72' lang='lat' dir='ltr'><strong>praecipue</strong></span> <span class='ocrx_word' id='word_1_37' title='bbox 1059 847 1104 910; x_wconf 87' lang='lat' dir='ltr'><strong>sit</strong></span> <span class='ocrx_word' id='word_1_38' title='bbox 1116 854 1275 930; x_wconf 85' lang='lat' dir='ltr'><strong>spectan-</strong></span> 
     </span>
     <span class='ocr_line' id='line_1_6' title="bbox 178 947 1274 1034; baseline 0.001 -21"><span class='ocrx_word' id='word_1_39' title='bbox 178 949 268 1014; x_wconf 87' lang='lat' dir='ltr'><strong>dum.</strong></span> <span class='ocrx_word' id='word_1_40' title='bbox 313 949 420 1034; x_wconf 90' lang='lat' dir='ltr'><strong>quue</strong></span> <span class='ocrx_word' id='word_1_41' title='bbox 443 949 506 1014; x_wconf 82' lang='lat' dir='ltr'><strong>luit</strong></span> <span class='ocrx_word' id='word_1_42' title='bbox 531 951 567 1013; x_wconf 91' lang='lat' dir='ltr'><strong>in</strong></span> <span class='ocrx_word' id='word_1_43' title='bbox 590 967 704 1026; x_wconf 86' lang='lat' dir='ltr'><strong>causa,</strong></span> <span class='ocrx_word' id='word_1_44' title='bbox 726 969 785 1013; x_wconf 92' lang='lat' dir='ltr'><strong>cur</strong></span> <span class='ocrx_word' id='word_1_45' title='bbox 806 968 912 1034; x_wconf 91' lang='lat' dir='ltr'><strong>neque</strong></span> <span class='ocrx_word' id='word_1_46' title='bbox 926 947 981 1013; x_wconf 91' lang='lat' dir='ltr'><strong>hic</strong></span> <span class='ocrx_word' id='word_1_47' title='bbox 1000 967 1110 1033; x_wconf 88' lang='lat' dir='ltr'><strong>nequa</strong></span> <span class='ocrx_word' id='word_1_48' title='bbox 1133 948 1214 1013; x_wconf 89' lang='lat' dir='ltr'><strong>alibi</strong></span> <span class='ocrx_word' id='word_1_49' title='bbox 1229 951 1274 1014; x_wconf 89' lang='lat' dir='ltr'><strong>ad</strong></span> 
     </span>
     <span class='ocr_line' id='line_1_7' title="bbox 177 1049 1275 1134; baseline 0 -18"><span class='ocrx_word' id='word_1_50' title='bbox 177 1051 265 1116; x_wconf 86' lang='lat' dir='ltr'><strong>alios</strong></span> <span class='ocrx_word' id='word_1_51' title='bbox 288 1049 482 1133; x_wconf 79' lang='lat' dir='ltr'><strong>scriptores,</strong></span> <span class='ocrx_word' id='word_1_52' title='bbox 505 1052 563 1134; x_wconf 90' lang='lat' dir='ltr'><strong>qui</strong></span> <span class='ocrx_word' id='word_1_53' title='bbox 585 1051 674 1114; x_wconf 86' lang='lat' dir='ltr'><strong>idern</strong></span> <span class='ocrx_word' id='word_1_54' title='bbox 696 1051 934 1116; x_wconf 80' lang='lat' dir='ltr'><strong>observassent</strong></span> <span class='ocrx_word' id='word_1_55' title='bbox 954 1051 988 1114; x_wconf 92' lang='lat' dir='ltr'><strong>in</strong></span> <span class='ocrx_word' id='word_1_56' title='bbox 1004 1051 1174 1116; x_wconf 87' lang='lat' dir='ltr'><strong>veteribus</strong></span> <span class='ocrx_word' id='word_1_57' title='bbox 1195 1071 1275 1116; x_wconf 88' lang='lat' dir='ltr'><strong>auc-</strong></span> 
     </span>
     <span class='ocr_line' id='line_1_8' title="bbox 177 1152 1275 1236; baseline 0.001 -20"><span class='ocrx_word' id='word_1_58' title='bbox 177 1152 317 1230; x_wconf 83' lang='lat' dir='ltr'><strong>toribus,</strong></span> <span class='ocrx_word' id='word_1_59' title='bbox 346 1171 574 1236; x_wconf 83' lang='lat' dir='ltr'><strong>provocarem.</strong></span> <span class='ocrx_word' id='word_1_60' title='bbox 621 1152 748 1218; x_wconf 88' lang='lat' dir='ltr'><strong>lnliniti</strong></span> <span class='ocrx_word' id='word_1_61' title='bbox 776 1153 941 1236; x_wconf 87' lang='lat' dir='ltr'><strong>siquidem</strong></span> <span class='ocrx_word' id='word_1_62' title='bbox 968 1157 1055 1218; x_wconf 89' lang='lat' dir='ltr'><strong>esset</strong></span> <span class='ocrx_word' id='word_1_63' title='bbox 1081 1154 1221 1230; x_wconf 87' lang='lat' dir='ltr'><strong>laboris,</strong></span> <span class='ocrx_word' id='word_1_64' title='bbox 1238 1158 1275 1218; x_wconf 85' lang='lat' dir='ltr'><strong>at</strong></span> 
     </span>
     <span class='ocr_line' id='line_1_9' title="bbox 176 1253 1272 1339; baseline 0 -21"><span class='ocrx_word' id='word_1_65' title='bbox 176 1253 323 1318; x_wconf 77' lang='lat' dir='ltr'><strong>sortasse</strong></span> <span class='ocrx_word' id='word_1_66' title='bbox 344 1255 490 1319; x_wconf 69' lang='lat' dir='ltr'><strong>modicia</strong></span> <span class='ocrx_word' id='word_1_67' title='bbox 502 1255 671 1331; x_wconf 79' lang='lat' dir='ltr'><strong>utilitatis,</strong></span> <span class='ocrx_word' id='word_1_68' title='bbox 687 1273 801 1319; x_wconf 91' lang='lat' dir='ltr'><strong>omnes</strong></span> <span class='ocrx_word' id='word_1_69' title='bbox 814 1255 901 1319; x_wconf 90' lang='lat' dir='ltr'><strong>istos</strong></span> <span class='ocrx_word' id='word_1_70' title='bbox 916 1255 1097 1339; x_wconf 87' lang='lat' dir='ltr'><strong>scriptores</strong></span> <span class='ocrx_word' id='word_1_71' title='bbox 1112 1255 1272 1332; x_wconf 85' lang='lat' dir='ltr'><strong>excitare,</strong></span> 
     </span>
     <span class='ocr_line' id='line_1_10' title="bbox 178 1355 1275 1439; baseline 0.002 -21"><span class='ocrx_word' id='word_1_72' title='bbox 178 1356 238 1438; x_wconf 88' lang='lat' dir='ltr'><strong>qui</strong></span> <span class='ocrx_word' id='word_1_73' title='bbox 252 1355 341 1420; x_wconf 89' lang='lat' dir='ltr'><strong>idem</strong></span> <span class='ocrx_word' id='word_1_74' title='bbox 355 1363 586 1439; x_wconf 81' lang='lat' dir='ltr'><strong>argumentum</strong></span> <span class='ocrx_word' id='word_1_75' title='bbox 604 1355 681 1419; x_wconf 90' lang='lat' dir='ltr'><strong>iude</strong></span> <span class='ocrx_word' id='word_1_76' title='bbox 695 1357 738 1420; x_wconf 87' lang='lat' dir='ltr'><strong>ab</strong></span> <span class='ocrx_word' id='word_1_77' title='bbox 752 1355 991 1420; x_wconf 84' lang='lat' dir='ltr'><strong>instauratione</strong></span> <span class='ocrx_word' id='word_1_78' title='bbox 1005 1357 1172 1420; x_wconf 86' lang='lat' dir='ltr'><strong>literarum</strong></span> <span class='ocrx_word' id='word_1_79' title='bbox 1188 1363 1275 1420; x_wconf 86' lang='lat' dir='ltr'><strong>trac-</strong></span> 
     </span>
     <span class='ocr_line' id='line_1_11' title="bbox 177 1455 1274 1548; baseline 0 -26"><span class='ocrx_word' id='word_1_80' title='bbox 177 1463 301 1522; x_wconf 84' lang='lat' dir='ltr'><strong>turunt.</strong></span> <span class='ocrx_word' id='word_1_81' title='bbox 347 1456 482 1536; x_wconf 81' lang='lat' dir='ltr'><strong>Quotus</strong></span> <span class='ocrx_word' id='word_1_82' title='bbox 501 1458 590 1522; x_wconf 89' lang='lat' dir='ltr'><strong>enirn</strong></span> <span class='ocrx_word' id='word_1_83' title='bbox 614 1459 759 1548; x_wconf 83' lang='lat' dir='ltr'><strong>quiaque</strong></span> <span class='ocrx_word' id='word_1_84' title='bbox 775 1463 838 1535; x_wconf 87' lang='lat' dir='ltr'><strong>est,</strong></span> <span class='ocrx_word' id='word_1_85' title='bbox 859 1459 912 1524; x_wconf 93' lang='lat' dir='ltr'><strong>cui</strong></span> <span class='ocrx_word' id='word_1_86' title='bbox 928 1458 1059 1540; x_wconf 84' lang='lat' dir='ltr'><strong>egregia</strong></span> <span class='ocrx_word' id='word_1_87' title='bbox 1073 1455 1274 1522; x_wconf 86' lang='lat' dir='ltr'><strong>Criticoram</strong></span> 
     </span>
     <span class='ocr_line' id='line_1_12' title="bbox 178 1555 1275 1644; baseline 0.001 -23"><span class='ocrx_word' id='word_1_88' title='bbox 178 1559 529 1642; x_wconf 76' lang='lat' dir='ltr'><strong>praestanlissimomm</strong></span> <span class='ocrx_word' id='word_1_89' title='bbox 542 1579 645 1644; x_wconf 88' lang='lat' dir='ltr'><strong>opera</strong></span> <span class='ocrx_word' id='word_1_90' title='bbox 659 1560 814 1625; x_wconf 85' lang='lat' dir='ltr'><strong>evolvere</strong></span> <span class='ocrx_word' id='word_1_91' title='bbox 830 1559 946 1624; x_wconf 86' lang='lat' dir='ltr'><strong>datum</strong></span> <span class='ocrx_word' id='word_1_92' title='bbox 968 1559 1036 1624; x_wconf 76' lang='lat' dir='ltr'><strong>siti</strong></span> <span class='ocrx_word' id='word_1_93' title='bbox 1082 1555 1181 1636; x_wconf 86' lang='lat' dir='ltr'><strong>Quod</strong></span> <span class='ocrx_word' id='word_1_94' title='bbox 1195 1577 1275 1624; x_wconf 82' lang='lat' dir='ltr'><strong>vero</strong></span> 
     </span>
     <span class='ocr_line' id='line_1_13' title="bbox 177 1661 1274 1744; baseline 0 -20"><span class='ocrx_word' id='word_1_95' title='bbox 177 1661 223 1724; x_wconf 86' lang='lat' dir='ltr'><strong>ad</strong></span> <span class='ocrx_word' id='word_1_96' title='bbox 239 1667 364 1726; x_wconf 85' lang='lat' dir='ltr'><strong>veteres</strong></span> <span class='ocrx_word' id='word_1_97' title='bbox 378 1663 558 1744; x_wconf 87' lang='lat' dir='ltr'><strong>scriptores</strong></span> <span class='ocrx_word' id='word_1_98' title='bbox 573 1663 609 1726; x_wconf 93' lang='lat' dir='ltr'><strong>in</strong></span> <span class='ocrx_word' id='word_1_99' title='bbox 623 1663 768 1744; x_wconf 83' lang='lat' dir='ltr'><strong>margine</strong></span> <span class='ocrx_word' id='word_1_100' title='bbox 784 1661 947 1744; x_wconf 88' lang='lat' dir='ltr'><strong>allegatos</strong></span> <span class='ocrx_word' id='word_1_101' title='bbox 962 1661 1115 1744; x_wconf 88' lang='lat' dir='ltr'><strong>pertinet,</strong></span> <span class='ocrx_word' id='word_1_102' title='bbox 1132 1679 1193 1724; x_wconf 85' lang='lat' dir='ltr'><strong>eos</strong></span> <span class='ocrx_word' id='word_1_103' title='bbox 1207 1677 1274 1724; x_wconf 87' lang='lat' dir='ltr'><strong>non</strong></span> 
     </span>
     <span class='ocr_line' id='line_1_14' title="bbox 176 1761 1274 1841; baseline -0.002 -15"><span class='ocrx_word' id='word_1_104' title='bbox 176 1762 280 1826; x_wconf 87' lang='lat' dir='ltr'><strong>modo</strong></span> <span class='ocrx_word' id='word_1_105' title='bbox 304 1762 495 1827; x_wconf 84' lang='lat' dir='ltr'><strong>accuratius</strong></span> <span class='ocrx_word' id='word_1_106' title='bbox 520 1762 636 1841; x_wconf 83' lang='lat' dir='ltr'><strong>citavi,</strong></span> <span class='ocrx_word' id='word_1_107' title='bbox 663 1762 725 1827; x_wconf 86' lang='lat' dir='ltr'><strong>sed</strong></span> <span class='ocrx_word' id='word_1_108' title='bbox 749 1763 849 1826; x_wconf 87' lang='lat' dir='ltr'><strong>etiam</strong></span> <span class='ocrx_word' id='word_1_109' title='bbox 870 1763 982 1828; x_wconf 86' lang='lat' dir='ltr'><strong>multis</strong></span> <span class='ocrx_word' id='word_1_110' title='bbox 998 1761 1034 1825; x_wconf 89' lang='lat' dir='ltr'><strong>in</strong></span> <span class='ocrx_word' id='word_1_111' title='bbox 1055 1761 1142 1825; x_wconf 85' lang='lat' dir='ltr'><strong>locis</strong></span> <span class='ocrx_word' id='word_1_112' title='bbox 1158 1779 1274 1824; x_wconf 91' lang='lat' dir='ltr'><strong>eorum</strong></span> 
     </span>
     <span class='ocr_line' id='line_1_15' title="bbox 177 1861 1274 1948; baseline -0.002 -20"><span class='ocrx_word' id='word_1_113' title='bbox 177 1863 364 1946; x_wconf 80' lang='lat' dir='ltr'><strong>catalogum</strong></span> <span class='ocrx_word' id='word_1_114' title='bbox 378 1865 555 1946; x_wconf 89' lang='lat' dir='ltr'><strong>insiguiter</strong></span> <span class='ocrx_word' id='word_1_115' title='bbox 569 1866 651 1930; x_wconf 86' lang='lat' dir='ltr'><strong>anxi</strong></span> <span class='ocrx_word' id='word_1_116' title='bbox 664 1884 674 1945; x_wconf 84' lang='lat'>3</span> <span class='ocrx_word' id='word_1_117' title='bbox 688 1871 727 1930; x_wconf 89' lang='lat' dir='ltr'><strong>ut</strong></span> <span class='ocrx_word' id='word_1_118' title='bbox 742 1865 800 1948; x_wconf 91' lang='lat' dir='ltr'><strong>qui</strong></span> <span class='ocrx_word' id='word_1_119' title='bbox 813 1864 899 1928; x_wconf 87' lang='lat' dir='ltr'><strong>scire</strong></span> <span class='ocrx_word' id='word_1_120' title='bbox 913 1862 1042 1946; x_wconf 90' lang='lat' dir='ltr'><strong>cupiat,</strong></span> <span class='ocrx_word' id='word_1_121' title='bbox 1062 1861 1198 1945; x_wconf 90' lang='lat' dir='ltr'><strong>quinam</strong></span> <span class='ocrx_word' id='word_1_122' title='bbox 1214 1861 1274 1926; x_wconf 87' lang='lat' dir='ltr'><strong>alii</strong></span> 
     </span>
     <span class='ocr_line' id='line_1_16' title="bbox 176 1963 1273 2050; baseline -0.002 -22"><span class='ocrx_word' id='word_1_123' title='bbox 176 1965 358 2048; x_wconf 86' lang='lat' dir='ltr'><strong>scriptores</strong></span> <span class='ocrx_word' id='word_1_124' title='bbox 371 1973 499 2032; x_wconf 88' lang='lat' dir='ltr'><strong>veteres</strong></span> <span class='ocrx_word' id='word_1_125' title='bbox 523 1969 662 2032; x_wconf 86' lang='lat' dir='ltr'><strong>eandem</strong></span> <span class='ocrx_word' id='word_1_126' title='bbox 687 1986 757 2032; x_wconf 87' lang='lat' dir='ltr'><strong>rem</strong></span> <span class='ocrx_word' id='word_1_127' title='bbox 782 1965 948 2050; x_wconf 89' lang='lat' dir='ltr'><strong>persecuti</strong></span> <span class='ocrx_word' id='word_1_128' title='bbox 969 1963 1046 2040; x_wconf 88' lang='lat' dir='ltr'><strong>siut,</strong></span> <span class='ocrx_word' id='word_1_129' title='bbox 1068 1963 1156 2027; x_wconf 88' lang='lat' dir='ltr'><strong>sitim</strong></span> <span class='ocrx_word' id='word_1_130' title='bbox 1178 1981 1273 2027; x_wconf 88' lang='lat' dir='ltr'><strong>suam</strong></span> 
     </span>
     <span class='ocr_line' id='line_1_17' title="bbox 175 2065 1274 2153; baseline -0.001 -23"><span class='ocrx_word' id='word_1_131' title='bbox 175 2067 284 2148; x_wconf 83' lang='lat' dir='ltr'><strong>possit</strong></span> <span class='ocrx_word' id='word_1_132' title='bbox 302 2069 446 2152; x_wconf 85' lang='lat' dir='ltr'><strong>explere.</strong></span> <span class='ocrx_word' id='word_1_133' title='bbox 490 2067 546 2132; x_wconf 90' lang='lat' dir='ltr'><strong>Ad</strong></span> <span class='ocrx_word' id='word_1_134' title='bbox 565 2089 663 2153; x_wconf 90' lang='lat' dir='ltr'><strong>quem</strong></span> <span class='ocrx_word' id='word_1_135' title='bbox 679 2069 777 2133; x_wconf 83' lang='lat' dir='ltr'><strong>finem</strong></span> <span class='ocrx_word' id='word_1_136' title='bbox 794 2067 1068 2151; x_wconf 89' lang='lat' dir='ltr'><strong>consequendum</strong></span> <span class='ocrx_word' id='word_1_137' title='bbox 1092 2085 1171 2130; x_wconf 91' lang='lat' dir='ltr'><strong>cum</strong></span> <span class='ocrx_word' id='word_1_138' title='bbox 1185 2065 1274 2130; x_wconf 86' lang='lat' dir='ltr'><strong>Lon·</strong></span> 
     </span>
     <span class='ocr_line' id='line_1_18' title="bbox 175 2166 1274 2257; baseline -0.001 -26"><span class='ocrx_word' id='word_1_139' title='bbox 175 2166 267 2248; x_wconf 89' lang='lat' dir='ltr'><strong>golii,</strong></span> <span class='ocrx_word' id='word_1_140' title='bbox 290 2171 458 2252; x_wconf 88' lang='lat' dir='ltr'><strong>quondam</strong></span> <span class='ocrx_word' id='word_1_141' title='bbox 482 2173 562 2249; x_wconf 90' lang='lat' dir='ltr'><strong>mei,</strong></span> <span class='ocrx_word' id='word_1_142' title='bbox 587 2189 675 2237; x_wconf 91' lang='lat' dir='ltr'><strong>nunc</strong></span> <span class='ocrx_word' id='word_1_143' title='bbox 703 2168 876 2257; x_wconf 68' lang='grc' dir='ltr'>μακαρίτου,</span> <span class='ocrx_word' id='word_1_144' title='bbox 904 2169 1110 2234; x_wconf 89' lang='lat' dir='ltr'><strong>bibliotheca</strong></span> <span class='ocrx_word' id='word_1_145' title='bbox 1133 2167 1183 2230; x_wconf 92' lang='lat' dir='ltr'><strong>nti</strong></span> <span class='ocrx_word' id='word_1_146' title='bbox 1207 2185 1274 2230; x_wconf 94' lang='lat' dir='ltr'><strong>nou</strong></span> 
     </span>
     <span class='ocr_line' id='line_1_19' title="bbox 175 2269 1276 2356; baseline 0.002 -24"><span class='ocrx_word' id='word_1_147' title='bbox 175 2269 324 2350; x_wconf 88' lang='lat' dir='ltr'><strong>amplius</strong></span> <span class='ocrx_word' id='word_1_148' title='bbox 350 2291 500 2354; x_wconf 88' lang='lat' dir='ltr'><strong>possem,</strong></span> <span class='ocrx_word' id='word_1_149' title='bbox 522 2279 624 2338; x_wconf 85' lang='lat' dir='ltr'><strong>curtae</strong></span> <span class='ocrx_word' id='word_1_150' title='bbox 647 2273 854 2356; x_wconf 87' lang='lat' dir='ltr'><strong>supellectili</strong></span> <span class='ocrx_word' id='word_1_151' title='bbox 876 2289 962 2334; x_wconf 85' lang='lat' dir='ltr'><strong>meae</strong></span> <span class='ocrx_word' id='word_1_152' title='bbox 988 2271 1223 2332; x_wconf 87' lang='lat' dir='ltr'><strong>succurrerunt</strong></span> <span class='ocrx_word' id='word_1_153' title='bbox 1243 2273 1276 2334; x_wconf 87' lang='lat' dir='ltr'><strong>et</strong></span> 
     </span>
     <span class='ocr_line' id='line_1_20' title="bbox 174 2367 1274 2446; baseline -0.001 -12"><span class='ocrx_word' id='word_1_154' title='bbox 174 2369 301 2434; x_wconf 90' lang='lat' dir='ltr'><strong>multos</strong></span> <span class='ocrx_word' id='word_1_155' title='bbox 329 2372 435 2436; x_wconf 90' lang='lat' dir='ltr'><strong>libros</strong></span> <span class='ocrx_word' id='word_1_156' title='bbox 463 2393 593 2438; x_wconf 88' lang='lat' dir='ltr'><strong>mecum</strong></span> <span class='ocrx_word' id='word_1_157' title='bbox 618 2373 956 2446; x_wconf 87' lang='lat' dir='ltr'><strong>communicaverunt,</strong></span> <span class='ocrx_word' id='word_1_158' title='bbox 982 2371 1046 2435; x_wconf 85' lang='lat' dir='ltr'><strong>viri</strong></span> <span class='ocrx_word' id='word_1_159' title='bbox 1070 2367 1274 2434; x_wconf 87' lang='lat' dir='ltr'><strong>Perillustris</strong></span> 
     </span>
    </p>
   </div>
   <div class='ocr_carea' id='block_1_3' title="bbox 176 2467 1274 2554">
    <p class='ocr_par' dir='ltr' id='par_1_3' title="bbox 176 2467 1274 2554">
     <span class='ocr_line' id='line_1_21' title="bbox 176 2467 1274 2554; baseline 0 -20"><span class='ocrx_word' id='word_1_160' title='bbox 176 2477 281 2554; x_wconf 88' lang='lat' dir='ltr'><strong>atque</strong></span> <span class='ocrx_word' id='word_1_161' title='bbox 296 2471 613 2536; x_wconf 80' lang='lat' dir='ltr'><strong>Excellentissimus</strong></span> <span class='ocrx_word' id='word_1_162' title='bbox 627 2473 651 2534; x_wconf 89' lang='lat' dir='ltr'>J</span> <span class='ocrx_word' id='word_1_163' title='bbox 653 2493 686 2534; x_wconf 92' lang='lat' dir='ltr'><strong>o.</strong></span> <span class='ocrx_word' id='word_1_164' title='bbox 699 2473 840 2536; x_wconf 87' lang='lat' dir='ltr'><strong>Gottlob</strong></span> <span class='ocrx_word' id='word_1_165' title='bbox 855 2467 984 2553; x_wconf 83' lang='lat' dir='ltr'><strong>Meyer,</strong></span> <span class='ocrx_word' id='word_1_166' title='bbox 1001 2469 1162 2535; x_wconf 88' lang='lat' dir='ltr'><strong>Sereuiss.</strong></span> <span class='ocrx_word' id='word_1_167' title='bbox 1179 2470 1274 2536; x_wconf 85' lang='lat' dir='ltr'><strong>Prin·</strong></span> 
     </span>
    </p>
   </div>
   <div class='ocr_carea' id='block_1_4' title="bbox 173 2569 1275 4283">
    <p class='ocr_par' dir='ltr' id='par_1_4' title="bbox 174 2569 1275 4062">
     <span class='ocr_line' id='line_1_22' title="bbox 176 2569 1275 2656; baseline -0.001 -20"><span class='ocrx_word' id='word_1_168' title='bbox 176 2574 263 2656; x_wconf 88' lang='lat' dir='ltr'><strong>cipis</strong></span> <span class='ocrx_word' id='word_1_169' title='bbox 279 2572 397 2638; x_wconf 89' lang='lat' dir='ltr'><strong>Nostri</strong></span> <span class='ocrx_word' id='word_1_170' title='bbox 419 2592 440 2636; x_wconf 88' lang='lat' dir='ltr'><strong>a</strong></span> <span class='ocrx_word' id='word_1_171' title='bbox 463 2569 625 2636; x_wconf 86' lang='lat' dir='ltr'><strong>Consiliis</strong></span> <span class='ocrx_word' id='word_1_172' title='bbox 642 2570 829 2654; x_wconf 90' lang='lat' dir='ltr'><strong>Regiminis</strong></span> <span class='ocrx_word' id='word_1_173' title='bbox 843 2570 1059 2654; x_wconf 86' lang='lat' dir='ltr'><strong>provincialis</strong></span> <span class='ocrx_word' id='word_1_174' title='bbox 1081 2571 1219 2648; x_wconf 91' lang='lat' dir='ltr'><strong>intimis,</strong></span> <span class='ocrx_word' id='word_1_175' title='bbox 1241 2577 1275 2636; x_wconf 88' lang='lat' dir='ltr'><strong>et</strong></span> 
     </span>
     <span class='ocr_line' id='line_1_23' title="bbox 176 2672 1273 2756; baseline -0.002 -18"><span class='ocrx_word' id='word_1_176' title='bbox 176 2672 379 2738; x_wconf 84' lang='lat' dir='ltr'><strong>Consistorii</strong></span> <span class='ocrx_word' id='word_1_177' title='bbox 411 2673 545 2738; x_wconf 81' lang='lat' dir='ltr'><strong>Praeses</strong></span> <span class='ocrx_word' id='word_1_178' title='bbox 574 2673 878 2756; x_wconf 86' lang='lat' dir='ltr'><strong>splendidissimus,</strong></span> <span class='ocrx_word' id='word_1_179' title='bbox 909 2672 1082 2738; x_wconf 86' lang='lat' dir='ltr'><strong>Maecenas</strong></span> <span class='ocrx_word' id='word_1_180' title='bbox 1113 2678 1273 2738; x_wconf 79' lang='lat' dir='ltr'><strong>aeternnm</strong></span> 
     </span>
     <span class='ocr_line' id='line_1_24' title="bbox 175 2773 1273 2858; baseline -0.003 -17"><span class='ocrx_word' id='word_1_181' title='bbox 175 2775 357 2856; x_wconf 88' lang='lat' dir='ltr'><strong>colendus;</strong></span> <span class='ocrx_word' id='word_1_182' title='bbox 380 2775 525 2840; x_wconf 88' lang='lat' dir='ltr'><strong>Illustris</strong></span> <span class='ocrx_word' id='word_1_183' title='bbox 550 2781 650 2858; x_wconf 89' lang='lat' dir='ltr'><strong>atque</strong></span> <span class='ocrx_word' id='word_1_184' title='bbox 664 2773 904 2858; x_wconf 81' lang='lat' dir='ltr'><strong>Amplissimos</strong></span> <span class='ocrx_word' id='word_1_185' title='bbox 925 2773 974 2837; x_wconf 88' lang='lat' dir='ltr'><strong>M.</strong></span> <span class='ocrx_word' id='word_1_186' title='bbox 989 2774 1188 2839; x_wconf 85' lang='lat' dir='ltr'><strong>Laurentius</strong></span> <span class='ocrx_word' id='word_1_187' title='bbox 1212 2773 1273 2838; x_wconf 85' lang='lat' dir='ltr'><strong>Jo-</strong></span> 
     </span>
     <span class='ocr_line' id='line_1_25' title="bbox 176 2873 1273 2960; baseline -0.003 -18"><span class='ocrx_word' id='word_1_188' title='bbox 176 2895 279 2944; x_wconf 86' lang='lat' dir='ltr'><strong>annes</strong></span> <span class='ocrx_word' id='word_1_189' title='bbox 301 2877 324 2942; x_wconf 85' lang='lat' dir='ltr'>J</span> <span class='ocrx_word' id='word_1_190' title='bbox 326 2877 454 2942; x_wconf 87' lang='lat' dir='ltr'><strong>acobus</strong></span> <span class='ocrx_word' id='word_1_191' title='bbox 469 2877 631 2958; x_wconf 76' lang='lat' dir='ltr'><strong>Longius,</strong></span> <span class='ocrx_word' id='word_1_192' title='bbox 655 2877 770 2941; x_wconf 90' lang='lat' dir='ltr'><strong>Seren.</strong></span> <span class='ocrx_word' id='word_1_193' title='bbox 784 2875 954 2960; x_wconf 91' lang='lat' dir='ltr'><strong>Principis</strong></span> <span class='ocrx_word' id='word_1_194' title='bbox 973 2895 994 2939; x_wconf 90' lang='lat' dir='ltr'><strong>a</strong></span> <span class='ocrx_word' id='word_1_195' title='bbox 1009 2873 1169 2940; x_wconf 82' lang='lat' dir='ltr'><strong>Consiliis</strong></span> <span class='ocrx_word' id='word_1_196' title='bbox 1184 2873 1273 2940; x_wconf 85' lang='lat' dir='ltr'><strong>Gou-</strong></span> 
     </span>
     <span class='ocr_line' id='line_1_26' title="bbox 177 2976 1274 3062; baseline -0.001 -20"><span class='ocrx_word' id='word_1_197' title='bbox 177 2979 314 3056; x_wconf 88' lang='lat' dir='ltr'><strong>sistorii,</strong></span> <span class='ocrx_word' id='word_1_198' title='bbox 325 2986 360 3043; x_wconf 90' lang='lat' dir='ltr'><strong>et</strong></span> <span class='ocrx_word' id='word_1_199' title='bbox 370 2976 544 3042; x_wconf 80' lang='lat' dir='ltr'><strong>Professor</strong></span> <span class='ocrx_word' id='word_1_200' title='bbox 557 2976 733 3062; x_wconf 82' lang='lat' dir='ltr'><strong>Gymnasii</strong></span> <span class='ocrx_word' id='word_1_201' title='bbox 745 2977 921 3043; x_wconf 89' lang='lat' dir='ltr'><strong>Barnthiui</strong></span> <span class='ocrx_word' id='word_1_202' title='bbox 936 2977 1181 3054; x_wconf 88' lang='lat' dir='ltr'><strong>meritissimus,</strong></span> <span class='ocrx_word' id='word_1_203' title='bbox 1194 2977 1274 3042; x_wconf 86' lang='lat' dir='ltr'><strong>Gol-</strong></span> 
     </span>
     <span class='ocr_line' id='line_1_27' title="bbox 174 3077 1273 3164; baseline -0.003 -19"><span class='ocrx_word' id='word_1_204' title='bbox 174 3081 252 3160; x_wconf 88' lang='lat' dir='ltr'><strong>lega</strong></span> <span class='ocrx_word' id='word_1_205' title='bbox 271 3079 352 3145; x_wconf 90' lang='lat' dir='ltr'><strong>mihi</strong></span> <span class='ocrx_word' id='word_1_206' title='bbox 377 3079 696 3164; x_wconf 81' lang='lat' dir='ltr'><strong>conjunctissimus3</strong></span> <span class='ocrx_word' id='word_1_207' title='bbox 727 3087 760 3144; x_wconf 92' lang='lat' dir='ltr'><strong>et</strong></span> <span class='ocrx_word' id='word_1_208' title='bbox 782 3078 985 3162; x_wconf 85' lang='lat' dir='ltr'><strong>Magnificus</strong></span> <span class='ocrx_word' id='word_1_209' title='bbox 1006 3087 1105 3162; x_wconf 88' lang='lat' dir='ltr'><strong>atque</strong></span> <span class='ocrx_word' id='word_1_210' title='bbox 1129 3077 1273 3142; x_wconf 89' lang='lat' dir='ltr'><strong>Illustris</strong></span> 
     </span>
     <span class='ocr_line' id='line_1_28' title="bbox 176 3177 1272 3264; baseline 0 -20"><span class='ocrx_word' id='word_1_211' title='bbox 176 3179 438 3264; x_wconf 78' lang='lat' dir='ltr'><strong>Christophorus</strong></span> <span class='ocrx_word' id='word_1_212' title='bbox 454 3179 660 3264; x_wconf 85' lang='lat' dir='ltr'><strong>Theophilus</strong></span> <span class='ocrx_word' id='word_1_213' title='bbox 674 3179 810 3258; x_wconf 89' lang='lat' dir='ltr'><strong>Harles,</strong></span> <span class='ocrx_word' id='word_1_214' title='bbox 831 3180 944 3244; x_wconf 88' lang='lat' dir='ltr'><strong>Seren.</strong></span> <span class='ocrx_word' id='word_1_215' title='bbox 960 3180 1130 3264; x_wconf 86' lang='lat' dir='ltr'><strong>Principis</strong></span> <span class='ocrx_word' id='word_1_216' title='bbox 1152 3197 1174 3242; x_wconf 90' lang='lat' dir='ltr'><strong>a</strong></span> <span class='ocrx_word' id='word_1_217' title='bbox 1184 3177 1272 3244; x_wconf 83' lang='lat' dir='ltr'><strong>con-</strong></span> 
     </span>
     <span class='ocr_line' id='line_1_29' title="bbox 176 3278 1273 3367; baseline 0 -21"><span class='ocrx_word' id='word_1_218' title='bbox 176 3281 262 3346; x_wconf 86' lang='lat' dir='ltr'><strong>siliis</strong></span> <span class='ocrx_word' id='word_1_219' title='bbox 283 3279 428 3360; x_wconf 88' lang='lat' dir='ltr'><strong>Aulicis,</strong></span> <span class='ocrx_word' id='word_1_220' title='bbox 458 3282 637 3348; x_wconf 82' lang='lat' dir='ltr'><strong>Professor</strong></span> <span class='ocrx_word' id='word_1_221' title='bbox 659 3283 757 3367; x_wconf 86' lang='lat' dir='ltr'><strong>Eloq.</strong></span> <span class='ocrx_word' id='word_1_222' title='bbox 782 3289 818 3346; x_wconf 91' lang='lat' dir='ltr'><strong>et</strong></span> <span class='ocrx_word' id='word_1_223' title='bbox 846 3280 1000 3347; x_wconf 74' lang='lat' dir='ltr'><strong>Poiiseos</strong></span> <span class='ocrx_word' id='word_1_224' title='bbox 1029 3283 1062 3346; x_wconf 93' lang='lat' dir='ltr'><strong>iu</strong></span> <span class='ocrx_word' id='word_1_225' title='bbox 1084 3278 1273 3346; x_wconf 85' lang='lat' dir='ltr'><strong>Academia</strong></span> 
     </span>
     <span class='ocr_line' id='line_1_30' title="bbox 175 3381 1270 3462; baseline -0.001 -14"><span class='ocrx_word' id='word_1_226' title='bbox 175 3383 599 3452; x_wconf 69' lang='lat' dir='ltr'><strong>liuderico-Alexandrina</strong></span> <span class='ocrx_word' id='word_1_227' title='bbox 621 3385 876 3462; x_wconf 80' lang='lat' dir='ltr'><strong>celeberrimus,</strong></span> <span class='ocrx_word' id='word_1_228' title='bbox 907 3405 982 3449; x_wconf 91' lang='lat' dir='ltr'><strong>cum</strong></span> <span class='ocrx_word' id='word_1_229' title='bbox 1009 3385 1154 3448; x_wconf 85' lang='lat' dir='ltr'><strong>maxime</strong></span> <span class='ocrx_word' id='word_1_230' title='bbox 1178 3381 1270 3447; x_wconf 83' lang='lat' dir='ltr'><strong>Aca·</strong></span> 
     </span>
     <span class='ocr_line' id='line_1_31' title="bbox 176 3483 1274 3569; baseline 0 -21"><span class='ocrx_word' id='word_1_231' title='bbox 176 3484 298 3550; x_wconf 72' lang='lat' dir='ltr'><strong>demis</strong></span> <span class='ocrx_word' id='word_1_232' title='bbox 314 3483 501 3564; x_wconf 79' lang='lat' dir='ltr'><strong>Protector,</strong></span> <span class='ocrx_word' id='word_1_233' title='bbox 516 3487 628 3551; x_wconf 81' lang='lat' dir='ltr'><strong>fautor</strong></span> <span class='ocrx_word' id='word_1_234' title='bbox 651 3493 686 3552; x_wconf 89' lang='lat' dir='ltr'><strong>et</strong></span> <span class='ocrx_word' id='word_1_235' title='bbox 707 3489 834 3552; x_wconf 84' lang='lat' dir='ltr'><strong>amicus</strong></span> <span class='ocrx_word' id='word_1_236' title='bbox 847 3487 948 3569; x_wconf 88' lang='lat' dir='ltr'><strong>longe</strong></span> <span class='ocrx_word' id='word_1_237' title='bbox 964 3485 1248 3552; x_wconf 74' lang='lat' dir='ltr'><strong>aestimatissimns</strong></span> <span class='ocrx_word' id='word_1_238' title='bbox 1264 3504 1274 3564; x_wconf 88' lang='lat'><strong>;</strong></span> 
     </span>
     <span class='ocr_line' id='line_1_32' title="bbox 176 3587 1271 3670; baseline -0.003 -18"><span class='ocrx_word' id='word_1_239' title='bbox 176 3587 297 3670; x_wconf 88' lang='lat' dir='ltr'><strong>quihus</strong></span> <span class='ocrx_word' id='word_1_240' title='bbox 310 3606 373 3670; x_wconf 94' lang='lat' dir='ltr'><strong>pro</strong></span> <span class='ocrx_word' id='word_1_241' title='bbox 388 3593 484 3653; x_wconf 86' lang='lat' dir='ltr'><strong>tanta</strong></span> <span class='ocrx_word' id='word_1_242' title='bbox 504 3588 705 3655; x_wconf 88' lang='lat' dir='ltr'><strong>liberalitate</strong></span> <span class='ocrx_word' id='word_1_243' title='bbox 718 3588 896 3654; x_wconf 40' lang='lat' dir='ltr'><strong>*maximas</strong></span> <span class='ocrx_word' id='word_1_244' title='bbox 916 3605 981 3669; x_wconf 85' lang='lat' dir='ltr'><strong>ago</strong></span> <span class='ocrx_word' id='word_1_245' title='bbox 1000 3587 1173 3668; x_wconf 90' lang='lat' dir='ltr'><strong>habeoque</strong></span> <span class='ocrx_word' id='word_1_246' title='bbox 1196 3603 1271 3666; x_wconf 85' lang='lat' dir='ltr'><strong>gra·-</strong></span> 
     </span>
     <span class='ocr_line' id='line_1_33' title="bbox 175 3690 252 3754; baseline -0.039 0"><span class='ocrx_word' id='word_1_247' title='bbox 175 3690 252 3754; x_wconf 86' lang='lat' dir='ltr'><strong>tias.</strong></span> 
     </span>
     <span class='ocr_line' id='line_1_34' title="bbox 219 3789 1270 3875; baseline -0.002 -19"><span class='ocrx_word' id='word_1_248' title='bbox 219 3789 488 3873; x_wconf 79' lang='lat' dir='ltr'><strong>chronologiam,</strong></span> <span class='ocrx_word' id='word_1_249' title='bbox 519 3812 540 3858; x_wconf 92' lang='lat' dir='ltr'><strong>a</strong></span> <span class='ocrx_word' id='word_1_250' title='bbox 562 3792 684 3875; x_wconf 87' lang='lat' dir='ltr'><strong>Pighio</strong></span> <span class='ocrx_word' id='word_1_251' title='bbox 711 3792 868 3870; x_wconf 85' lang='lat' dir='ltr'><strong>additum,</strong></span> <span class='ocrx_word' id='word_1_252' title='bbox 891 3790 1004 3856; x_wconf 89' lang='lat' dir='ltr'><strong>multis</strong></span> <span class='ocrx_word' id='word_1_253' title='bbox 1029 3790 1064 3854; x_wconf 93' lang='lat' dir='ltr'><strong>in</strong></span> <span class='ocrx_word' id='word_1_254' title='bbox 1090 3789 1178 3853; x_wconf 88' lang='lat' dir='ltr'><strong>locis</strong></span> <span class='ocrx_word' id='word_1_255' title='bbox 1205 3807 1270 3854; x_wconf 93' lang='lat' dir='ltr'><strong>nou</strong></span> 
     </span>
     <span class='ocr_line' id='line_1_35' title="bbox 174 3888 1268 3976; baseline -0.002 -20"><span class='ocrx_word' id='word_1_256' title='bbox 174 3898 305 3957; x_wconf 86' lang='lat' dir='ltr'><strong>tantum</strong></span> <span class='ocrx_word' id='word_1_257' title='bbox 326 3894 551 3976; x_wconf 88' lang='lat' dir='ltr'><strong>comparando</strong></span> <span class='ocrx_word' id='word_1_258' title='bbox 566 3894 753 3974; x_wconf 76' lang='lat' dir='ltr'><strong>Ediboues,</strong></span> <span class='ocrx_word' id='word_1_259' title='bbox 773 3914 886 3960; x_wconf 83' lang='lat' dir='ltr'><strong>verum</strong></span> <span class='ocrx_word' id='word_1_260' title='bbox 907 3909 1040 3976; x_wconf 88' lang='lat' dir='ltr'><strong>quoque</strong></span> <span class='ocrx_word' id='word_1_261' title='bbox 1062 3888 1268 3955; x_wconf 89' lang='lat' dir='ltr'><strong>consulendo</strong></span> 
     </span>
     <span class='ocr_line' id='line_1_36' title="bbox 174 3993 501 4062; baseline -0.003 -2"><span class='ocrx_word' id='word_1_262' title='bbox 174 3993 302 4062; x_wconf 76' lang='lat' dir='ltr'><strong>Festos</strong></span> <span class='ocrx_word' id='word_1_263' title='bbox 316 3995 501 4060; x_wconf 87' lang='lat' dir='ltr'><strong>emendavi.</strong></span> 
     </span>
    </p>

    <p class='ocr_par' dir='ltr' id='par_1_5' title="bbox 173 4092 1267 4283">
     <span class='ocr_line' id='line_1_37' title="bbox 216 4092 1267 4182; baseline -0.006 -20"><span class='ocrx_word' id='word_1_264' title='bbox 216 4096 408 4162; x_wconf 88' lang='lat' dir='ltr'><strong>Historicas</strong></span> <span class='ocrx_word' id='word_1_265' title='bbox 434 4116 525 4175; x_wconf 85' lang='lat' dir='ltr'><strong>vero,</strong></span> <span class='ocrx_word' id='word_1_266' title='bbox 552 4098 814 4182; x_wconf 85' lang='lat' dir='ltr'><strong>Geographicas,</strong></span> <span class='ocrx_word' id='word_1_267' title='bbox 845 4105 881 4162; x_wconf 92' lang='lat' dir='ltr'><strong>et</strong></span> <span class='ocrx_word' id='word_1_268' title='bbox 910 4095 994 4162; x_wconf 87' lang='lat' dir='ltr'><strong>alias</strong></span> <span class='ocrx_word' id='word_1_269' title='bbox 1023 4092 1267 4177; x_wconf 87' lang='lat' dir='ltr'><strong>cujuscumque</strong></span> 
     </span>
     <span class='ocr_line' id='line_1_38' title="bbox 173 4195 1267 4283; baseline -0.004 -19"><span class='ocrx_word' id='word_1_270' title='bbox 173 4199 304 4282; x_wconf 85' lang='lat' dir='ltr'><strong>generis</strong></span> <span class='ocrx_word' id='word_1_271' title='bbox 318 4198 582 4278; x_wconf 87' lang='lat' dir='ltr'><strong>observationes,</strong></span> <span class='ocrx_word' id='word_1_272' title='bbox 605 4203 641 4266; x_wconf 93' lang='lat' dir='ltr'><strong>in</strong></span> <span class='ocrx_word' id='word_1_273' title='bbox 662 4201 793 4268; x_wconf 89' lang='lat' dir='ltr'><strong>Iudices</strong></span> <span class='ocrx_word' id='word_1_274' title='bbox 808 4197 948 4283; x_wconf 90' lang='lat' dir='ltr'><strong>conjeci,</strong></span> <span class='ocrx_word' id='word_1_275' title='bbox 970 4216 991 4260; x_wconf 90' lang='lat' dir='ltr'><strong>a</strong></span> <span class='ocrx_word' id='word_1_276' title='bbox 1011 4215 1064 4261; x_wconf 92' lang='lat' dir='ltr'><strong>me</strong></span> <span class='ocrx_word' id='word_1_277' title='bbox 1088 4195 1165 4279; x_wconf 87' lang='lat' dir='ltr'><strong>ipso</strong></span> <span class='ocrx_word' id='word_1_278' title='bbox 1186 4213 1267 4260; x_wconf 89' lang='lat' dir='ltr'><strong>con·</strong></span> 
     </span>
    </p>
   </div>
   <div class='ocr_carea' id='block_1_5' title="bbox 0 0 1530 4890">
    <p class='ocr_par' dir='ltr' id='par_1_6' title="bbox 0 0 1530 4890">
     <span class='ocr_line' id='line_1_39' title="bbox 0 0 1530 4890; baseline 0 1"><span class='ocrx_word' id='word_1_279' title='bbox 0 0 1530 4890; x_wconf 95' lang='lat' dir='ltr'><strong> </strong></span> 
     </span>
    </p>
   </div>
  </div>
 </body>
</html>
