3126 4902
401 401 483 454 cnr.
499 404 523 452 r.
548 403 596 454 nn
618 403 953 456 urnnrnourocurr
978 404 1083 458 nruu.
1215 393 1283 462 287

199 559 201 564 ·
230 543 263 610 9.
285 543 455 610 Senectuti
465 545 651 630 juventusv
671 548 720 615 ita
733 549 939 614 cumulatum
953 553 987 615 et
1000 550 1281 637 circumspectum

187 646 342 715 honorem
363 646 538 725 reddebat,
560 655 718 733 tanquam
739 650 888 734 majores
911 655 993 718 natu
1019 651 1281 720 adolescentium

188 767 377 814 communes
400 753 515 831 patres
530 755 654 816 essent.
699 748 872 828 Quocirca
881 750 1032 834 juvenes,
1056 754 1201 822 Senatus
1216 756 1282 835 die,

187 851 307 934 utique
314 857 341 898 ²⁵
355 849 502 933 aliquem
516 868 561 914 ex
576 851 728 935 patribus
742 853 957 936 conscriptis,
972 860 1032 920 ant
1045 857 1281 942 propinquum,

186 957 244 1018 aut
257 959 431 1036 paternum
443 952 589 1018 amicum
603 951 648 1018 ed
662 953 790 1018 curiam
804 953 1024 1034 deducebant,
1040 955 1194 1040 affixique
1210 959 1281 1024 val·

187 1052 494 1136 vis'expectabant,
511 1054 620 1120 donec
635 1054 814 1120 reducendi
825 1056 926 1122 etiarn
938 1055 1050 1122 officio
1065 1057 1280 1141 iungerentur.
1375 1101 1379 1106 -

188 1153 267 1234 Qua
280 1155 414 1240 quidem
428 1157 617 1222 voluntaria
639 1158 799 1238 statione,
824 1166 859 1224 et
882 1177 1023 1241 corpora
1044 1165 1079 1224 et
1094 1161 1222 1226 muros
1237 1162 1281 1228 ad

187 1257 324 1341 publica
335 1257 447 1324 officia
457 1259 598 1344 impigre
606 1261 798 1326 sustinenda
810 1262 1021 1338 roborabant,
1032 1261 1192 1346 brevique
1205 1282 1282 1348 pro·

188 1367 316 1450 cessu'
337 1360 542 1426 morarum²⁶
563 1361 599 1425 in
613 1362 725 1427 lucem
752 1362 912 1427 virtutum
935 1379 1072 1426 suarum
1095 1364 1282 1432 verecunda

186 1460 314 1527 laboris
328 1461 540 1528 meditatione
565 1463 633 1546 ipsi
655 1462 823 1528 doctiores
839 1468 955 1528 erano
999 1462 1139 1528 Invitati
1153 1464 1195 1528 ad
1211 1484 1281 1530 οω-

187 1581 267 1630 narn
282 1563 453 1647 diligenter
475 1565 680 1648 quaerebant,
701 1565 854 1649 ‘quinum
869 1565 900 1630 ei
916 1565 1072 1630 convivio
1095 1573 1216 1630 essent
1231 1567 1281 1632 in·

188 1662 369 1731 teriuturiz'
390 1685 432 1730 ne
447 1667 587 1730 senioris
608 1665 786 1734 adrentum
812 1665 981 1732 discubitu
1006 1667 1281 1750 praecurrerentzt

218 1869 233 1904 1
250 1861 283 1911 Et
294 1863 445 1926 iprijuoeaee
455 1863 520 1914 treci
531 1865 644 1928 teorporir
653 1879 761 1929 prorem
772 1871 797 1916 et
816 1867 946 1916 uereeuwu
956 1866 1000 1917 itio
1011 1864 1100 1916 tutoris
1111 1865 1280 1918 exercitatione

187 1929 211 1975 et
221 1929 409 1988 meisatetiorre
419 1929 534 1978 uirtutem
544 1945 639 1978 nurum
649 1931 847 1980 doctiorererorrt.

219 1989 233 2022 ⁸
248 1991 288 2041 Ne
298 2007 383 2044 mea
393 1993 552 2044 wruetnerrt
562 1999 618 2044 orte
627 1995 752 2046 acreum
761 1995 869 2045 mm.

186 2221 251 2270 -td
265 2217 299 2268 ln
310 2233 361 2268 uuo
373 2219 465 2269 Rheru.
479 2225 507 2269 et
517 2219 579 2270 Vnt.
597 2221 620 2272 1.
639 2217 713 2268 decet
728 2217 818 2281 retium
850 2218 950 2268 Poetae
968 2232 1015 2282 pro
1034 2219 1108 2284 officio
1119 2219 1182 2272 Vet.
1201 2219 1281 2270 babet

185 2283 360 2396 afficiam-26
378 2283 497 2346 Pigbieni
516 2297 604 2332 ornnes
622 2283 746 2332 omittunt
761 2284 867 2342 ctorem
887 2283 988 2332 Susien.
1006 2283 1141 2334 Putrueuu.
1160 2293 1188 2334 et
1208 2285 1282 2336 motti

209 2347 338 2397 orreniani
350 2362 469 2398 morona
479 2362 528 2412 quo
549 2362 595 2396 ue:
613 2347 728 2396 nonnulii
738 2345 843 2409 hebent,
851 2361 957 2410 proceru
967 2361 1047 2396 rerem
1056 2348 1082 2396 ie
1096 2349 1172 2398 terere
1179 2364 1189 2408 ‚¹
1205 2355 1234 2400 et
1243 2349 1281 2400 sic

187 2413 244 2478 iret·
257 2413 314 2462 Lat.
323 2425 398 2488 uuus,
413 2425 521 2475 proceres
531 2425 557 2460 ra
566 2410 658 2488 iucem
674 2417 702 2460 et
713 2410 750 2460 eie
762 2410 836 2462 beid.
846 2414 869 2460 7.
878 2411 924 2461 red
935 2411 1050 2462 additum
1062 2413 1113 2462 atie
1129 2427 1216 2490 runnu,
1232 2429 1281 2463 oro-

185 2491 385 2590 'vitiae-,n
298 2474 897 2601 immittit‘ttt'at't‘trtitvtti
907 2480 1216 2592 titubabat,
1225 2480 1283 2592 itt

184 2605 213 2653 in
226 2605 343 2654 Perizon.
355 2605 468 2655 doctiores
477 2609 546 2654 καί
555 2604 691 2668 pierique3
707 2606 814 2653 ductum
823 2609 890 2653 eraut
902 2604 995 2667 Ultrsj.
1003 2609 1027 2654 2.
1038 2605 1106 2670 quod
1117 2605 1197 2655 babet
1208 2605 1281 2670 Meg.

185 2671 292 2720 doctores
301 2674 370 2718 eruet
381 2683 446 2720 unus
456 2669 548 2720 Rbern.
560 2675 587 2719 et
597 2669 636 2720 ric
647 2668 707 2717 Vet.
727 2667 807 2718 Aidd.
826 2676 853 2718 et
871 2669 964 2731 Stepb.
983 2668 1029 2718 red
1051 2669 1156 2722 Arcens.
1173 2671 1282 2734 baare

183 2748 294 2796 prorem
303 2747 420 2784 meror
431 2739 514 2797 opertu
524 2734 550 2782 irr
560 2734 610 2782 tuce
622 2765 630 2782 .
640 2764 663 2782 ..
674 2732 721 2796 iprt
731 2734 836 2782 doctores
846 2738 930 2782 nunt:
947 2733 1005 2783 cod.
1018 2734 1098 2785 Baeit.
1110 2734 1284 2799 immpro-

186 2811 331 2848 rerrurorerrr
340 2798 367 2847 irr
377 2799 452 2848 terem
461 2814 485 2848 o.
495 2812 591 2848 rurum
601 2797 738 2847 uerecundia
749 2798 766 2844 i.
777 2812 808 2846 ur.
820 2798 838 2846 i.
848 2798 958 2847 notiores
967 2803 1052 2848 eruet.-
1068 2799 1206 2848 Puiurenni
1223 2798 1283 2850 cod.

186 2864 325 2912 verecundie
334 2868 357 2912 et
369 2863 456 2912 tutoris
465 2877 496 2912 err.
506 2862 525 2911 i.
536 2862 730 2911 doctiorereurrt:
748 2859 856 2924 Pighius
867 2862 948 2925 legit:
966 2863 1075 2925 benique
1090 2877 1216 2926 procreare
1233 2879 1281 2912 ero·

186 2928 388 2976 nramirrteeeor
399 2927 514 2976 uirtutem
529 2926 670 2976 onerandis
686 2931 709 2973 et
726 2925 743 2972 t·
760 2939 792 2974 ιη.
808 2924 855 2988 ipri
873 2926 987 2975 doctiores
1004 2931 1076 2976 eerrt:
1091 2927 1193 2989 Lipsius
1211 2928 1281 2992 conj.

186 2991 295 3053 &eoique
303 3003 494 3052 mumma
504 2990 620 3040 uirtutum
630 2989 758 3040 memor
768 2994 791 3038 et
803 2987 917 3039 utrum
928 2991 1087 3051 meditatione,
1103 2990 1150 3053 ipei
1167 2991 1283 3046 doctiores

186 3059 273 3111 ercet,-
290 3054 443 3117 quamcoru'.
461 3054 571 3116 probent
590 3055 675 3104 Celer.
695 3060 723 3102 et
742 3051 822 3101 Ktok.
854 3054 938 3102 ‘Mihi
957 3067 1015 3102 cunr
1034 3054 1160 3104 Torrento
1180 3053 1283 3104 videtur

186 3117 305 3181 proxime
316 3117 349 3166 ad
362 3131 449 3168 rerunt
461 3118 601 3170 recedere:
619 3118 728 3180 brwipue
736 3130 926 3179 procreatorum
935 3118 960 3165 ie
969 3119 1043 3168 tacere
1055 3118 1171 3168 mere
1186 3133 1282 3168 remen
1344 3119 1353 3128 ‘

186 3183 317 3232 omrem
335 3182 421 3232 tutoris
438 3183 590 3234 muctare
605 3182 653 3247 ipsi
668 3184 774 3232 doctam
792 3179 880 3230 eruet!
898 3181 987 3246 Kepp.
1020 3181 1217 3236 Areonoetienr
1234 3195 1283 3249 pro

682 3311 791 3364 NOTAE

220 3425 499 3492 'decertationem
527 3427 602 3493 apuu
622 3429 714 3478 Rome·
755 3431 832 3491 puter
850 3423 958 3476 totidem
970 3423 1120 3490 liberorum,
1132 3430 1186 3477 turn
1198 3426 1219 3476 ir
1238 3426 1281 3491 qui

186 3510 359 3565 norreteres,
377 3519 489 3554 eumnrur
504 3505 596 3565 bonos,
613 3517 662 3552 nec
672 3517 715 3566 ge·
755 3503 850 3553 senior.

187 3581 313 3644 nert,ueo
330 3583 458 3646 menate,
469 3583 515 3632 red
531 3579 716 3632 carricentur
787 3587 804 3614 '¹
824 3579 944 3645 Breoiqer
959 3593 1077 3644 praem,
1091 3577 1146 3643 tra]
1172 3578 1283 3628 vertent

187 3663 243 3708 ectr
262 3657 305 3708 nbi
323 3671 385 3708 vero
396 3671 532 3708 numerose
550 3657 638 3706 sobole
653 3655 714 3706 cirt-
742 3657 804 3708 boe
816 3657 842 3705 in
853 3655 909 3706 tneo
928 3655 989 3705 iibri
1006 3663 1122 3718 veteres,
1133 3659 1161 3703 et
1172 3655 1210 3704 ric
1227 3653 1282 3714 ont-

188 3733 312 3797 tetiopoe
331 3731 400 3795 t'nit;
423 3733 467 3799 qui
485 3741 512 3783 et
523 3733 618 3782 liberos
629 3739 656 3783 et
667 3747 715 3782 ux·
755 3731 815 3782 dero
833 3731 948 3783 correxit
967 3731 1088 3794 Pighius:
1112 3730 1190 3792 penio
1207 3729 1284 3778 aliter

187 3821 259 3857 orenr
278 3808 395 3872 baberet,
418 3810 540 3873 prelatos
562 3809 715 3872 senioribus,
756 3807 875 3870 Lipsius:
900 3805 1009 3868 breuique
1023 3819 1212 3868 procerrrrerrrrrr
1233 3805 1282 3854 oir-

186 3883 277 3948 quibnr
289 3897 337 3934 nec
349 3899 414 3934 uxor
425 3891 495 3934 esset
507 3899 554 3934 noc
572 3884 658 3934 tiberi.
680 3885 715 3934 Et
754 3883 996 3932 tetemeerererrdeet
1004 3879 1283 3946 hbuioroneditotiom

188 3961 371 4024 exlegeduiiu
388 3959 526 4010 Consulum
545 3958 612 4008 atter
629 3957 715 4008 fuscet
754 3957 801 4020 tpri
819 3955 935 4005 doetime
956 3959 1040 4004 eruet:
1070 3969 1127 4018 que
1146 3954 1284 4018 scriptore,

188 4033 285 4098 primus
301 4034 428 4096 rrrmebut,
446 4045 497 4083 nou
518 4033 561 4098 qui
572 4033 659 4097 plures
670 4047 715 4082 en·
756 4031 893 4094 Pigbieno,
905 4045 963 4094 quse
983 4037 1068 4080 temen
1088 4043 1137 4079 uon
1155 4029 1222 4078 orate
1233 4037 1283 4092 ert,

188 4121 244 4168 noe,
259 4109 306 4159 red
326 4110 413 4172 piures
433 4109 527 4158 tiberne
546 4107 669 4168 beberet;
694 4103 716 4156 si
756 4113 784 4158 et
805 4105 907 4155 feeitior
925 4114 952 4154 et
971 4105 1057 4154 verior
1076 4105 1136 4155 mibi
1164 4104 1280 4158 uidetur:

187 4183 292 4248 utrique
301 4199 348 4249 per
358 4185 496 4234 liberorum
505 4197 635 4246 numerus,
642 4185 663 4233 ie
671 4183 716 4249 qut
757 4195 837 4248 quera
847 4188 905 4230 utro
916 4180 973 4246 quie
983 4179 1058 4230 modo
1075 4181 1179 4248 legerit,
1190 4195 1283 4248 pecct-

188 4259 313 4310 meritur:
339 4261 361 4310 ri
378 4267 485 4327 uterque
507 4267 534 4312 et
554 4261 661 4312 meritur
690 4267 717 4311 et
757 4269 842 4312 tnrurn
853 4272 904 4310 non
915 4257 1079 4310 crediderim.
