3056 4892
273 384 353 432 GAP.
370 385 426 433 lll.
452 383 499 430 DE
523 384 779 433 Arsrrrtnrtrra
804 385 849 432 ΕΤ
871 387 1144 437 contriturum.
1187 373 1252 438 453

163 528 198 590 in
213 529 287 592 sinu
302 547 363 592 suo
377 526 579 605 mentemst
598 531 723 596 irritum
747 531 913 615 propositi
928 531 1064 596 dimisit.
1109 531 1251 598 Factum

163 629 331 710 sapientia
344 631 460 694 imbuti
471 631 572 694 animi
588 632 780 712 abstinens3
803 633 862 697 sed
885 633 1101 698 meretriculae
1116 651 1250 718 quoque

162 729 289 794 dictum
312 751 468 815 perquam
492 733 646 799 facetum.
690 735 924 798 Deridentibus
946 737 1030 818 enim
1059 754 1097 799 se
1119 735 1249 800 adoles·

42 891 55 912 ,
162 832 326 910 centibus,
342 836 424 918 quia
447 841 514 900 iem
540 835 848 920 semesarumque
872 835 1006 918 elegans
1029 834 1137 918 poti⁶5
1158 837 1249 901 senis

162 934 307 998 animum
323 937 491 1002 illecebris
505 938 662 1021 pellicere
677 957 744 1003 non
766 938 941 1020 potuisset,
964 943 1163 1020 pactumque
1178 938 1249 1001 vio-

159 1036 253 1099 iuriee
269 1038 443 1119 pretium⁶⁶
464 1039 702 1122 flagitantibus,
724 1039 784 1102 ‘de
797 1039 928 1102 homine
953 1057 989 1102 se
1015 1056 1090 1101 cum
1111 1037 1165 1114 iis,
1181 1056 1247 1102 non

160 1135 203 1199 de
217 1143 341 1216 statue,
357 1139 476 1222 pignus
491 1139 670 1225 posuisse‚’
682 1139 861 1222 respondit.
906 1138 1067 1202 Potestne
1082 1137 1154 1202 baeu
1169 1137 1245 1202 Xe-

158 1239 308 1302 nocratis
323 1243 523 1306 continentie
538 1261 559 1306 a
573 1261 742 1326 quoquam
756 1241 862 1322 magis
877 1259 964 1316 vere,
984 1239 1156 1322 magisque
1168 1257 1245 1322 pru-

158 1340 232 1420 prie
246 1339 474 1420 demonstrari,
490 1361 591 1425 quam
612 1344 655 1428 ab
675 1345 749 1426 ipse
763 1339 971 1406 meretricula
993 1357 1153 1421 expressa
1168 1340 1244 1405 esti

159 1439 294 1524 Phryne
322 1444 566 1526 pulchritudine
589 1462 653 1508 sua
675 1443 767 1506 nulla
790 1461 834 1504 ex
861 1439 987 1522 purte⁶⁷
1009 1439 1244 1504 constantissi·

157 1561 245 1606 mam
259 1544 332 1627 ejus
348 1546 582 1611 abstinentiam
598 1540 785 1610 labefecit*
828 1539 920 1620 Quid
942 1559 1004 1604 rex
1026 1527 1242 1606 Alexanderl

157 1642 233 1704 an⁶⁸
255 1643 382 1710 divitiis
395 1665 469 1710 eum
484 1653 622 1730 quatere
646 1643 778 1728 potuiti
800 1644 843 1707 eb
867 1642 925 1706 illo
939 1659 1072 1724 quoque
1087 1645 1242 1719 statuam,

156 1750 192 1807 et
205 1745 337 1826 quidem
352 1767 447 1830 aeque
460 1747 583 1812 frustra
596 1752 766 1823 tentatam,
789 1752 898 1828 putes.
942 1742 1091 1824 Legatos
1106 1741 1150 1806 ud
1165 1761 1242 1806 eum

156 1863 232 1908 eum
246 1846 373 1930 aliquot
397 1847 552 1914 talentish
573 1851 726 1914 miserat:
749 1865 835 1930 quos
854 1846 888 1907 in
911 1838 1145 1908 Academiam¹
1166 1861 1241 1925 per·

155 1945 289 2024 ductos,
300 1949 401 2013 solito
416 1951 492 2028 sibi,
506 1949 541 2012 id
557 1955 619 2027 est,
634 1949 767 2012 modico
777 1943 805 1996 ⁶⁹
826 1949 1001 2027 apparatu,
1012 1949 1049 2006 et
1063 1940 1239 2006 admodum

154 2048 302 2129 parvulis
317 2050 430 2132 copiis
445 2049 592 2133 excepit.
635 2049 774 2114 Postero
789 2045 844 2110 die
860 2041 1148 2124 interrogantibus,
1169 2041 1241 2105 cui·

601 2206 778 2230 We

152 2305 252 2357 Deinde
265 2308 380 2358 Pithoeus
402 2323 448 2374 pro
466 2325 497 2360 un
515 2307 688 2372 reponendum
707 2312 783 2370 putet
800 2305 901 2354 tri-dd
916 2301 958 2352 Itu
970 2300 1065 2352 Brund.
1077 2304 1100 2350 l.
1110 2303 1136 2351 ί.
1150 2312 1238 2350 omnes

152 2372 257 2422 Temen.
279 2373 373 2437 aliique
392 2373 468 2424 cedd.
487 2388 545 2423 cum
562 2373 622 2423 Vet.
641 2371 830 2435 linqvenett.
850 2371 898 2418 dre.
930 2365 1037 2428 Pighius
1055 2379 1115 2414 rere
1134 2377 1167 2414 ert
1187 2379 1238 2414 unu

152 2435 255 2484 Winclr.
275 2435 384 2485 dederet
401 2439 498 2498 aarum,
515 2450 624 2500 eumque
642 2434 726 2484 secuti
743 2443 804 2482 runt
824 2432 907 2482 Celer.
927 2430 1008 2493 Thya.
1030 2437 1057 2478 et
1078 2428 1236 2492 Delium-dd

152 2499 445 2564 ‘embadorum
460 2496 865 2608 undecolerusmeleeonkiuitd
928 2496 945 2544 i.
972 2495 1037 2542 Veu.
1053 2492 1139 2568 potati.
1173 2489 1237 2540 Mox

152 2575 199 2626 pro
208 2563 324 2626 pellicere,
341 2567 444 2628 quidam
456 2567 519 2614 Mra.
527 2565 629 2627 pultum
639 2561 754 2611 frustra!
798 2575 851 2622 app.
883 2557 1087 2619 Leid.⁷.pututr,
1104 2563 1133 2604 et
1150 2553 1182 2603 ab
1202 2554 1236 2604 el.

152 2627 702 2691 m.pott1etd.1.et1tledte.1.flecrere
739 2639 767 2675 ro
782 2624 904 2688 pellium:
921 2623 1044 2684 Coper.t
1144 2619 1237 2678 rogum

148 2691 226 2754 pellex
235 2692 299 2741 serris
307 2693 482 2742 aeuum-eo
496 2691 596 2742 (ludius
605 2690 637 2739 ed
649 2691 710 2740 Phe
731 2705 752 2739 r.
763 2703 782 2738 r.
790 2693 813 2738 8.
823 2688 887 2736 citat
896 2685 1003 2734 uictoria
1010 2697 1040 2746 pr
1139 2696 1147 2730 .·
1164 2680 1237 2730 leid.

152 2759 174 2803 1.
184 2756 286 2818 pretim
295 2757 474 2820 reposcentibus.
509 2757 571 2805 Mor
583 2753 654 2804 Leid.
667 2759 691 2803 1.
702 2757 726 2802 8.
735 2768 782 2802 nou
792 2754 821 2800 de
831 2755 911 2800 ututur
920 2751 961 2798 red
975 2751 1004 2797 de
1020 2746 1111 2796 metue
1128 2759 1180 2794 σω
1198 2744 1236 2794 bis

147 2817 249 2880 ponitur
264 2821 353 2882 pinne
368 2823 560 2886 respoudit-di
579 2819 651 2868 Unus
663 2817 758 2866 Brund.
779 2825 806 2864 et
816 2816 878 2864 Ver.
896 2815 984 2861 rudere
1001 2811 1027 2859 in
1043 2814 1153 2872 purtem
1169 2808 1236 2858 ulter

148 2897 205 2932 eum
215 2883 333 2933 undecim
341 2885 416 2935 codd.
423 2886 529 2934 Turren.
539 2891 565 2933 et
573 2883 645 2946 Meg.
656 2883 719 2930 nullu
728 2885 813 2942 porte,-
829 2878 909 2926 ΒυίΙ·
919 2877 1005 2925 ffllw
1070 2887 1124 2930 Μ
1140 2872 1236 2936 Ulfflj·

149 2949 172 2994 1.
184 2947 247 2996 nullu
257 2949 283 2995 in
292 2954 367 3010 porte.
400 2949 453 2998 Pro
463 2948 637 3006 abstinentium,
647 2946 714 3009 qnod
726 2943 848 2991 exhibent
857 2953 944 2990 ornnes
956 2938 1005 2988 eud
1025 2973 1032 2988 .
1043 2937 1149 2984 Turreu.
1161 2935 1234 2998 Plglr.

147 3016 175 3058 et
193 3017 303 3076 uterque
321 3013 419 3062 Brund.
436 3011 602 3062 emtmrtun
620 3009 728 3058 dederat
740 3005 830 3055 Aldus.
862 3005 927 3052 'l'om
947 3003 1018 3065 Meg.
1039 3007 1067 3049 et
1085 2997 1191 3048 Mediul.
1208 3002 1233 3049 8.

147 3073 372 3134 biduunm-ue
390 3077 419 3126 lu
430 3077 518 3126 decem
529 3073 604 3123 redd.
617 3081 644 3121 et
654 3072 714 3121 edd.
724 3077 789 3118 vett.
802 3068 876 3116 deest
886 3081 927 3128 un,
943 3065 988 3113 red
1007 3063 1033 3112 ld
1052 3062 1148 3112 babent
1158 3060 1232 3111 tert.

147 3142 172 3186 ⁵.
192 3146 220 3188 et
237 3139 332 3201 Caper.
350 3154 403 3189 esur
421 3140 490 3188 delet
509 3139 570 3187 Vet.
606 3137 670 3192 Quid
686 3133 748 3184 erin
763 3147 808 3181 rex
825 3130 907 3180 codex
927 3126 1072 3187 Perluonii;
1090 3121 1174 3181 uetur
1188 3139 1232 3174 m

147 3201 283 3276 Alexander
292 3219 324 3252 ua
334 3205 405 3280 Meg.
438 3204 501 3278 Μαι.
512 3216 557 3266 pru
569 3206 592 3249 et
610 3200 701 3313 ἔφη
720 3197 795 3274 multi
811 3196 918 3270 Torreu.
937 3192 1035 3242 hubent
1053 3189 1232 3253 equidm-69

147 3265 231 3316 Brtur.
245 3271 268 3318 1.
279 3267 428 3319 deletrdert
439 3268 535 3317 mue.
568 3265 609 3316 (lu
631 3279 669 3314 rur
689 3267 826 3326 ncnprrr:
843 3259 974 3324 ‘spumet
991 3255 1101 3320 glossam
1118 3253 1231 3318 lueptrur

635 3411 744 3466 Nom

176 3535 192 3564 ⁸
208 3535 391 3586 namura
418 3535 462 3587 01.
478 3540 534 3586 lll.
552 3539 575 3584 2.
603 3533 667 3585 Urb.
707 3525 1029 3590 Romanorum,exFertu.

146 3610 244 3660 (3.418.
261 3611 332 3662 ¹lint.
344 3612 391 3662 Cb.
404 3615 461 3662 est.
738 3607 744 3641 ¹
759 3602 922 3666 Academiae]
938 3603 1020 3652 Luuur
1034 3593 1230 3648 tetrantorum

174 3683 186 3718 ¹¹
205 3686 320 3750 llrlerrtir]
335 3687 469 3738 Talentum
480 3687 586 3751 duplex.
597 3685 665 3735 Arti-
706 3683 819 3734 consitus
838 3679 935 3728 distent
946 3673 1055 3726 Athenis
1073 3684 1160 3736 prrrur
1179 3669 1228 3719 elr-

144 3773 200 3810 eurn
212 3769 240 3811 er
252 3762 407 3812 Euboicumr
426 3762 542 3813 Atticum
554 3761 665 3826 dupliels
706 3755 866 3809 eiterrnillr:
883 3765 974 3802 nornen
994 3755 1022 3799 et
1044 3747 1101 3812 lpse
1119 3745 1230 3808 aceepit,

144 3836 219 3886 ‘5⁸¹⁰
231 3837 345 3901 merit,
361 3852 479 3902 uranum
497 3846 525 3887 et
543 3851 665 3902 parrum
706 3832 792 3882 veleb
806 3823 1067 3890 Audemuquudaur,
1083 3831 1113 3871 ut
1125 3819 1230 3904 Eupoli·

145 3925 262 3974 m'diurn
283 3916 324 3962 83.
347 3913 436 3976 libres,
452 3929 485 3963 ex
508 3914 590 3975 Lirin,
606 3927 665 3962 eon·
706 3909 732 3959 di
744 3907 844 3971 placen
865 3902 915 3962 rel,
926 3898 1032 3959 utrliis,
1050 3894 1174 3948 rCadmo
1186 3894 1227 3944 lu·

143 3987 249 4050 tinebet,
265 3989 313 4040 boe
324 3997 373 4052 est,
391 4005 437 4040 rex
454 3989 533 4040 millia
550 4003 663 4039 nummo·
704 3978 935 4035 bereliumrirtium
944 3975 1146 4028 institutureret
1154 3969 1229 4020 dedit

143 4075 196 4110 rum
208 4063 390 4128 Rornanorum,
401 4079 434 4115 ex
446 4066 592 4116 Prireiruor
605 4079 665 4128 per·
704 4055 835 4122 discipuli·
854 4051 979 4112 Parente,
996 4049 1040 4113 qui
1056 4048 1106 4098 boe
1123 4045 1150 4095 in
1169 4045 1226 4095 loeo

143 4152 199 4187 rurn
211 4140 289 4191 librar
300 4143 341 4192 eo.
373 4141 513 4192 Euboicum
525 4153 585 4190 reru
595 4140 665 4192 Atti·
704 4147 797 4200 meque
814 4129 960 4182 auditorum
972 4122 1119 4190 frequentia
1129 4119 1226 4174 iterur.

141 4225 172 4262 eu
189 4216 272 4266 miuus
283 4223 393 4283 quatuor
408 4215 488 4272 millia
504 4229 662 4270 nummorum
