3050 4890
494 433 728 484 rusrruourr
753 433 799 482 ur
821 431 987 481 rumore.
1245 415 1288 482 28

195 595 271 643 rum
292 578 441 662 ipsorum
464 577 622 645 notabilis
644 583 698 643 est
720 577 1025 661 edemmquolitm,
1051 575 1172 661 paucis
1200 577 1288 644 enim

196 681 340 764 pagellis
355 680 445 746 clius
460 682 562 747 alium
584 680 725 746 excedit.
769 678 927 758 Quatuor
947 679 1046 764 primi
1068 679 1187 744 ecdem
1209 698 1289 744 cou-

196 787 463 846 etsntmcusuro.
507 780 656 860 Quintus
679 781 817 866 paulum
842 781 1013 864 prolixior.
1057 779 1186 846 Sextus
1208 799 1290 845 cou-

197 889 297 948 sonat
309 891 455 967 quotuor
469 885 596 968 primis.
640 883 813 967 Septimus
827 881 959 946 brevior
973 888 1026 944 est
1047 881 1101 946 his
1123 881 1289 960 omuibus,

196 985 352 1050 nimirum
366 991 403 1052 ut
416 986 490 1071 ejus
504 985 632 1051 defectu
645 984 823 1069 prolixitas
839 985 945 1068 quinti
967 983 1004 1048 iu
1027 983 1175 1050 ordinem
1198 993 1289 1051 cete-

196 1106 309 1153 rorum
322 1089 446 1153 veniat
491 1087 643 1154 Octavus
656 1095 692 1152 et
713 1107 818 1152 nonus
832 1086 1029 1153 tenuissimo
1043 1085 1145 1152 modo
1158 1087 1289 1170 longio-

197 1208 252 1254 res
267 1198 342 1258 sunt
367 1191 494 1274 primis.
539 1189 617 1270 Quo
632 1191 829 1275 pactolicet
843 1191 944 1255 etiarn
966 1189 1089 1254 multos
1108 1189 1196 1254 ulios
1218 1189 1290 1254 Ro-

195 1312 317 1358 manos
339 1291 550 1377 ,Graecosque
579 1293 765 1377 Scriptores
794 1293 913 1357 metiri.
971 1290 1079 1358 Peuci
1107 1291 1195 1360 euim
1224 1311 1289 1356 nou

198 1395 415 1462 observarunt
426 1395 528 1461 talem
542 1395 689 1478 aliquam
704 1394 943 1479 aequalitatem.

333 1685 335 1691 A
420 1585 424 1590 ¹
478 1603 518 1668 In
533 1603 686 1688 Margine
701 1610 814 1670 notate
828 1609 923 1672 eruut
936 1604 1022 1671 hoec.

242 1751 406 1837 Equidem
426 1753 487 1818 rix
507 1753 701 1819 crediderim
725 1751 900 1819 Valerium
929 1754 966 1820 iu
991 1753 1104 1819 auimo
1131 1753 1291 1820 habuisse

198 1855 283 1920 huuc
297 1856 523 1940 aequalitatem
537 1855 723 1920 Librorum.
747 1854 895 1920 Facilius
909 1856 1122 1948 persuadeor,
1132 1856 1189 1939 qui
1203 1875 1290 1920 nunc

199 1962 252 2021 est
264 1956 433 2036 Valerius,
454 1957 648 2042 Epitomam
671 1976 747 2022 csse
771 1975 792 2020 ιι
812 1956 835 2022 J
837 1958 904 2023 ulio
920 1957 1044 2023 Paride
1062 1956 1291 2040 compilatum,

199 2064 304 2142 atque
319 2059 404 2126 adeo
419 2059 554 2144 exejus
578 2060 716 2125 cerebro
740 2061 938 2144 provenisse
959 2061 1024 2126 has
1045 2059 1205 2126 librorum
1219 2078 1290 2124 scc-

201 2159 327 2228 tiones.

266 2353 378 2418 sanus
393 2353 624 2420 Broukhusius
638 2355 682 2420 od
695 2353 820 2418 Tibull.
834 2352 909 2418 Lib.
926 2369 951 2416 ι.
966 2351 1057 2434 Eleg.
1066 2350 1098 2416 3.
1113 2369 1165 2416 vs.
1177 2349 1229 2415 20.

245 2499 438 2568 Admodum
452 2501 541 2567 serio
565 2523 666 2588 super
687 2503 823 2569 Tiberio
837 2475 1002 2568 'Gmccho
1024 2521 1078 2568 res
1102 2521 1207 2568 noves
1233 2523 1293 2586 po-

201 2610 292 2671 rautc
305 2621 347 2667 ac
361 2602 481 2686 pedem
491 2605 634 2687 graviter
647 2604 835 2672 offendente
848 2611 992 2690 nugetur
1005 2603 1163 2670 Valerius
1179 2604 1293 2670 Muxi-

202 2725 279 2773 mus
292 2705 367 2771 Lib.
382 2722 406 2772 1.
422 2725 499 2790 cup.
513 2708 546 2772 4.
