3056 4892
404 353 485 400 oar.
501 354 551 404 vr.
577 355 625 402 os
651 353 829 404 arcnnrrn
855 357 1012 408 cunnos.
1204 347 1271 414 383

174 497 345 580 implicer.t
391 497 547 562 Referam
562 499 663 580 igitur
678 497 808 582 pedem,
836 499 1071 582 deformesque
1084 503 1220 568 umbras
1236 505 1270 568 in

172 599 241 662 imo
256 600 384 681 gurgite
400 601 613 683 turpitudinis
623 620 694 666 suae
703 601 818 685 jacere
833 603 952 686 petiar.
984 601 1097 668 Satius
1112 613 1165 669 est
1180 606 1269 668 enim

173 720 317 778 narrare,
333 704 392 786 qni
407 703 551 768 illustres
566 705 629 768 viri
644 707 679 768 in
693 705 793 782 cultu,
809 713 986 789 ceteroque
1001 707 1103 772 vitae⁴
1116 705 1193 786 ritu,
1208 709 1269 774 uli·

172 823 240 886 qna
250 823 295 868 ex
309 811 404 888 parte
418 807 587 883 novando,
602 807 668 870 sibi
682 807 889 872 indulserint

215 907 246 970 1.
269 907 311 970 Ρ.
327 906 461 989 Scipio,
486 908 610 971 cumin
625 906 755 985 Sicilia,
776 909 930 991 eugendo
953 909 1214 996 trajiciendoque
1233 915 1267 980 in

173 1007 320 1073 Asn'cem
335 1011 534 1089 exercitu,⁵⁸
554 1017 778 1094 opportunum
803 1012 980 1095 qnaerendo
1001 1013 1164 1094 gradum?
1186 1014 1267 1080 Car-

171 1110 314 1193 thaginis
329 1113 458 1176 ruinam
474 1113 586 1176 animo
601 1113 764 1204 volveret,
792 1113 878 1178 inter
891 1114 1035 1178 consilia
1059 1134 1101 1179 ac
1124 1117 1268 1184 molitio-

171 1233 233 1278 nes
248 1219 351 1280 tante
361 1215 411 1279 rei
426 1234 566 1298 operam
581 1217 755 1301 gymnasio
770 1215 873 1294 dedit,
889 1217 1059 1300 pallioque
1074 1226 1109 1282 et
1124 1220 1268 1304 crepidis

171 1335 252 1380 usus
268 1315 346 1382 est⁶
390 1317 463 1382 Nec
478 1319 562 1383 hoc⁷
585 1339 621 1383 re
636 1319 805 1402 segniores
820 1317 962 1383 Punicis
976 1321 1181 1388 exercitibus
1196 1341 1267 1386 ma·

170 1440 235 1484 nus
249 1421 381 1501 intulit3
405 1421 464 1485 sed
479 1422 593 1486 nescio
608 1441 650 1486 en
674 1423 752 1486 ideo
768 1422 962 1486 alacriores:
987 1423 1068 1504 quie
1091 1427 1211 1506 vegeta
1232 1432 1268 1488 et

171 1529 302 1586 strenuo
316 1522 451 1605 ingenie
464 1543 533 1607 quo
557 1523 633 1606 plus
658 1543 814 1588 recessus
840 1531 987 1601 sumunt,
1009 1524 1074 1590 hoc
1090 1525 1267 1591 vehemen-

170 1623 274 1688 tiores
296 1625 440 1710 impetus
464 1626 616 1690 eduutds
659 1625 865 1692 Crediderim
893 1627 994 1692 etiam
1016 1625 1165 1692 levorem
1191 1649 1267 1694 eum

172 1726 336 1791 sociorum
351 1729 536 1792 uberiorem
558 1747 594 1794 se
622 1729 815 1813 adepturum
831 1729 1056 1808 existimasse,
1072 1730 1102 1793 si
1117 1731 1265 1798 victnm⁸

171 1845 286 1891 eornm
299 1833 332 1892 et
346 1831 499 1895 solennes
524 1832 779 1896 exercitationes
800 1832 1063 1914 comprobasset.
1109 1831 1165 1896 Ad
1180 1852 1267 1916 quas

171 1935 263 1992 turn⁹
285 1931 455 2009 veniebat,
468 1951 545 1996 cum
557 1933 695 1997 multum
711 1953 752 1997 ec
767 1932 825 1996 diu
837 1930 1017 2013 fatigasset
1038 1931 1208 2012 humeros,
1232 1941 1267 1998 et
1370 1953 1375 1964 ·

171 2041 284 2095 cetera
300 2033 448 2097 membra
463 2034 597 2098 militari
611 2033 792 2115 agitatione
808 2031 997 2097 firmitatem
1011 2053 1109 2098 suam
1127 2037 1267 2119 probare

171 2131 358 2214 coegisset:
381 2135 652 2218 consistebatque
667 2136 700 2199 in
724 2135 777 2200 bis
802 2135 900 2200 labor
919 2133 1004 2218 ejus,
1030 2135 1064 2199 in
1087 2136 1157 2200 illis
1167 2143 1194 2174 ¹⁰
1215 2157 1266 2200 re-

170 2234 444 2300 missiolaboris:

202 2400 213 2432 ὓ
230 2402 285 2450 Non
296 2403 396 2465 mplius
406 2405 435 2453 de
445 2403 478 2454 tie
488 2418 575 2466 egum
592 2405 633 2454 red
642 2403 723 2467 patior
742 2403 847 2454 heina
867 2403 920 2454 illes
938 2403 1041 2464 infames
1053 2402 1135 2463 jecere
1151 2404 1178 2454 ἐκ
1188 2405 1266 2456 ebreu-

168 2465 474 2546 ritoternoeterpttudints.
499 2533 505 2546 ι
860 2531 866 2544 ,
944 2532 950 2546 ι
1053 2533 1060 2544 Ι

201 2537 215 2626 3
229 2531 649 2647 ‘mmmm
655 2532 1116 2660 mutuemus.
1125 2598 1266 2656 pm,-

169 2659 239 2708 r'urmo
249 2661 318 2708 credo
327 2661 394 2710 illum
408 2663 581 2724 generosiorem
591 2663 643 2710 ideo
653 2677 678 2710 se
695 2661 829 2726 prem,
839 2662 894 2725 prtia
904 2661 970 2710 ario
988 2669 1011 2710 et
1023 2668 1119 2711 meree
1134 2663 1231 2725 agenta
1242 2679 1267 2712 ee

169 2723 336 2774 uehementiori
346 2727 563 2788 impetuseruntur,
574 2741 617 2790 qno
626 2729 679 2789 plus
688 2727 820 2775 nmiadoui
831 2743 846 2775 a
858 2727 937 2775 labore
948 2726 1104 2776 indulserunt.

169 2789 311 2903 hafflig
326 2789 375 2851 ejus
385 2791 524 2842 meeber
534 2795 560 2840 r'rr
571 2791 777 2842 exercitatioribus
787 2791 949 2849 militariburr
966 2791 1135 2842 remissiorem
1145 2791 1268 2841 latericia

169 3013 222 3061 rive
234 3014 404 3076 meipsum—d
421 3015 464 3066 Ite
475 3016 544 3066 Dan.
556 3017 654 3066 Brund.
666 3021 690 3065 t.
701 3021 727 3066 4.
739 3023 767 3066 et
779 3014 972 3080 quatuordeeim
989 3011 1066 3063 codd.
1080 3013 1188 3061 Torreu.
1207 3028 1265 3064 curn

169 3078 230 3126 Vet.
242 3077 315 3139 Mog.
327 3079 435 3129 Venett.
446 3087 470 3130 l.
481 3085 505 3130 2.
516 3085 541 3131 ³.
552 3086 576 3132 4.
587 3088 612 3131 e.
629 3081 737 3130 Mediol.
747 3084 771 3128 l.
782 3085 807 3129 2.
819 3083 844 3128 8.
855 3083 878 3127 4.
889 3085 915 3126 5.
933 3077 1032 3128 Olirer.
1045 3077 1123 3126 Alod.
1137 3081 1159 3125 Ι.
1170 3081 1194 3126 2.
1207 3081 1232 3127 t.
1243 3083 1268 3129 4.

169 3147 193 3190 b.
205 3155 293 3190 omnes
305 3143 407 3206 Grypb.
418 3153 445 3192 et
456 3146 547 3209 Srepb.
579 3146 686 3208 Pighius
698 3153 784 3194 tumen
806 3151 833 3192 et
852 3144 920 3190 bunc
938 3143 1019 3192 secuti
1030 3142 1118 3192 Coler.
1127 3141 1205 3204 'lbya
1218 3145 1267 3192 tre.

169 3207 226 3254 oitoe
244 3206 431 3268 neglexerunt:
458 3211 551 3272 copes.
571 3210 660 3269 babet,
683 3214 804 3270 ceteroque
825 3207 852 3256 ir
872 3207 930 3256 ritu.
963 3205 1027 3256 Mox
1049 3205 1178 3255 nonnulle
1200 3215 1267 3256 vett.

168 3271 371 3322 indulserunt—⁵
387 3273 467 3323 ‘Vet.
478 3289 535 3324 cnm
572 3281 663 3324 iratuor
680 3274 745 3322 Mse.
765 3272 904 3322 neretum.
929 3270 1002 3320 Uunr
1018 3271 1143 3331 exardet,
1161 3279 1190 3320 ut
1201 3271 1269 3319 Vor-

170 3336 235 3385 ctius
246 3335 352 3384 exercitu
371 3337 521 3400 explicarit.
584 3339 630 3388 erl.
649 3352 765 3400 gumein,
782 3335 850 3400 quod
867 3334 992 3384 'l'orreulo
1006 3335 1189 3398 spernendum,
1205 3336 1267 3384 mibi

168 3398 353 3462 interpretatio
364 3402 541 3466 sedquoerendo
552 3403 664 3452 videtur.
698 3399 781 3452 Aldus
800 3399 884 3448 edidit
898 3399 1004 3460 urgendo
1021 3399 1160 3459 wercitum,
1175 3399 1268 3460 trajici·

169 3465 279 3528 sudoque,
298 3479 373 3527 quern
386 3474 528 3530 sequnntur
540 3467 592 3514 alii.
624 3467 687 3515 Mox
704 3466 772 3527 lupus
791 3469 866 3514 tonte
879 3463 915 3512 rei
935 3463 1042 3527 Pigbina
1059 3461 1146 3512 inritis
1157 3463 1220 3512 Mra.
1239 3471 1268 3513 et

168 3530 249 3604 antiq.
261 3527 346 3578 editt!
364 3531 496 3594 Kapp-—b
512 3529 643 3580 Klolrkius
653 3538 745 3580 contra
755 3543 843 3578 omues
855 3527 932 3578 codd.
944 3535 972 3577 et
982 3527 1042 3576 edd.
1054 3533 1120 3576 vett.
1131 3527 1265 3576 emendet:

169 3591 1268 3719 illidit?illllff'l'iid‘tbfdtdu‘*&illeillffitlsstnlfflblll

169 3724 286 3772 done-e
303 3723 363 3772 Vet.
373 3726 396 3772 ri
407 3727 539 3774 ritum-9
556 3725 616 3773 Vct.
634 3738 692 3774 curn
709 3723 799 3772 decern
811 3723 876 3770 Mes.
889 3727 917 3770 et
934 3721 1006 3784 Meg.
1022 3725 1111 3780 tumen,
1126 3719 1193 3784 quod
1204 3721 1266 3767 Tor·
1303 3755 1306 3760 .

170 3789 256 3836 reoinr
268 3801 319 3836 non
331 3788 466 3850 improbat.
498 3787 571 3838 Leid.
584 3788 660 3851 prirn.
671 3802 729 3836 rnox
741 3787 788 3835 nisi
798 3801 850 3835 cum
860 3787 975 3841 multum,-
991 3791 1019 3832 et
1031 3785 1091 3832 Vet.
1102 3785 1201 3842 diutine,
1219 3797 1266 3846 pro

170 3853 283 3903 din-lo
301 3851 345 3902 ltu
362 3853 471 3918 Pighius
490 3867 549 3902 cum
567 3851 650 3902 Aldus
670 3851 808 3900 edidisset:
826 3851 912 3898 inillis
925 3849 942 3897 1.
954 3848 1012 3898 ein
1025 3848 1067 3911 tis,
1078 3851 1118 3912 dfe.
1151 3847 1268 3898 Turbant

642 3941 645 3949 ’
662 3971 772 4023 norae

201 4080 213 4106 ⁸
231 4073 422 4137 lbujiciendopue
434 4071 550 4136 aurbu]
565 4068 652 4121 Pulsis
664 4083 697 4118 ex
737 4067 764 4116 lu
774 4064 865 4116 Africa
877 4071 1019 4129 gereretur.

172 4149 300 4212 Hispanis
329 4149 585 4213 Carthaginensibus,
609 4145 697 4210 Scipio
771 4143 785 4172 ¹
803 4142 988 4193 annuere
1017 4139 1165 4192 01.144.4.
1201 4138 1265 4190 Urb.

171 4225 267 4275 Consul
279 4233 370 4276 unctor
379 4223 552 4288 iuitSenatui,
562 4231 592 4274 ut
602 4223 696 4273 bellum
738 4221 768 4270 C·
780 4224 837 4270 548.
866 4220 928 4270 Ant.
941 4219 987 4269 Cb.
999 4223 1056 4268 but.
