3126 4902
408 445 487 494 cnr.
504 445 528 494 1.
552 445 601 494 ou
626 441 957 494 rrnrarrrourouuu
984 443 1087 495 nuru.
1225 431 1290 498 285

195 595 381 674 temperate
395 595 492 666 esset,
506 587 755 671 indulgentibus
770 587 899 654 maritis
924 595 961 654 ot
987 605 1070 654 auro
1097 587 1290 668 abundanti,

193 699 227 758 ei
238 691 343 757 multa
357 699 529 776 purpurap
550 711 621 756 usae
638 696 735 756 suut:
759 699 794 758 ai
809 710 878 775 quo
891 691 1032 756 formam
1046 707 1143 754 suam
1156 691 1289 756 conciu-

193 795 323 862 uiorcm
338 792 515 872 efficerent,
525 813 655 858 summa
669 812 747 858 cum
762 793 934 876 diligentia
949 793 1092 877 capillos
1113 793 1222 858 cinere
1236 811 1290 858 ru-

195 896 343 962 tilarunt.
387 893 482 960 Nulli
497 895 582 960 enim
603 902 681 960 tuuc
705 895 959 958 subsessorumq
981 895 1163 959 alienorum
1177 895 1291 960 matri·

195 998 382 1070 modiorum
396 995 485 1064 oculi
492 996 738 1076 metuebauiun
749 993 774 1034 ¹⁶
788 995 847 1062 sod
862 995 1151 1080 paritarctvidera
1160 1002 1289 1076 saucio,

195 1105 231 1165 ot
244 1100 365 1184 aspici,
379 1106 496 1164 mutuo
510 1099 638 1183 pudore
652 1096 954 1164 custodiebantur!

237 1199 270 1268 6.
293 1199 434 1280 Quoties
450 1219 528 1266 vero
543 1202 629 1266 inter
643 1203 753 1266 virum
768 1209 804 1266 ei
817 1217 960 1266 uxorem
975 1199 1104 1284 aliquid
1125 1200 1229 1284 jurgii
1243 1201 1292 1264 iu·

197 1308 406 1381 tercasserat,
422 1303 457 1368 in
472 1303 637 1368 sacellum
653 1303 736 1370 Dem
751 1301 949 1388 Viriplacae,
968 1302 1058 1386 quod
1074 1309 1129 1367 est
1142 1304 1176 1367 iu
1193 1301 1293 1368 Pale·

198 1405 273 1483 tio,t
301 1405 496 1472 veniebant:
519 1411 552 1470 et
575 1407 659 1472 ibi¹⁷
681 1405 828 1471 invicem
854 1401 975 1482 locuti,
1008 1423 1085 1488 quae
1109 1405 1293 1482 voluerant,

199 1509 413 1573 contentione
426 1508 613 1573 animorum
638 1507 796 1593 deposita
820 1507 1003 1574 concordas
1029 1507 1293 1572 revertebantur.

199 1609 277 1676 Dea
291 1627 413 1674 nomeu
434 1609 500 1674 hoc
522 1623 544 1674 a
569 1609 745 1693 placandis
767 1610 850 1674 viris
875 1608 978 1674 fertur
996 1613 1173 1673 assecuta:
1196 1625 1294 1672 venc-

198 1711 303 1778 rauda
317 1711 461 1795 quidem,
476 1717 512 1776 at
523 1713 639 1776 nescio
653 1731 694 1776 au
709 1709 891 1794 praecipuis
906 1715 941 1774 ot
956 1709 1135 1794 exquisitis
1144 1708 1168 1748 ¹⁸
1191 1709 1295 1774 sacri·

201 1813 290 1879 ficiis
305 1813 462 1894 colenda3
483 1819 602 1898 utpote
616 1813 822 1897 quotidiauae
843 1831 883 1878 ac
898 1811 1091 1878 domesticas
1106 1811 1202 1894 pacis
1218 1829 1294 1876 cus-

207 2061 210 2066 “
234 2061 248 2096 ⁴
266 2061 335 2112 Nulli
346 2063 408 2112 enim
419 2065 538 2114 tam'omli
547 2063 690 2114 rimamur
705 2061 856 2112 insidiatores
875 2061 1004 2112 etiamn
1022 2060 1241 2116 manducadum:
1256 2061 1296 2108 red

202 2127 319 2190 utrimque
329 2128 365 2176 iiu
375 2130 436 2177 oceli
454 2129 653 2190 modulorum,
669 2133 696 2176 ai
707 2127 756 2176 uiri
773 2127 880 2176 uiderent
897 2125 1007 2196 eruces
1021 2125 1074 2175 dae
1091 2124 1157 2188 turpi
1174 2125 1300 2184 caiuma,

203 2195 228 2241 el
239 2194 348 2242 maliem
357 2193 493 2244 uiderentur
502 2197 596 2244 eerrutu
606 2194 735 2242 macte.

657 2355 837 2382 “mm

203 2482 287 2532 decim
308 2480 385 2532 codd.
406 2487 433 2531 et
454 2481 525 2548 arog.
545 2489 572 2532 et
586 2483 760 2533 Venett.-ld
776 2483 913 2532 suestram
931 2481 1015 2532 codex
1031 2481 1126 2532 hebet:
1143 2479 1298 2530 miremur·

203 2546 332 2596 aticum
350 2545 411 2595 ocati
430 2549 608 2598 mudantur:
634 2547 717 2596 Aldus
735 2548 840 2612 aliique,
863 2547 1015 2610 semermes,
1034 2550 1075 2610 ec.
1108 2547 1139 2596 ln
1152 2544 1298 2608 quindecim

204 2611 372 2660 'l‘orrenienir
390 2611 485 2674 legitur
503 2614 659 2661 miserruma·
669 2629 678 2670 ,-
695 2611 720 2661 in
738 2613 851 2677 quicqua
866 2626 1037 2668 neocororum
1053 2612 1079 2659 iu
1098 2611 1193 2674 Copae.
1211 2621 1300 2656 mem·

137 2721 140 2728 .
203 2689 285 2732 m:
300 2683 411 2740 interque
422 2675 513 2726 Helue.
525 2676 603 2729 nabet
620 2675 782 2734 uiremrm
798 2676 842 2726 red
863 2676 957 2742 ubique
974 2684 1118 2726 correctam
1136 2673 1300 2724 retraetata

204 2754 283 2790 eorem
293 2740 371 2790 etiarn
383 2741 455 2806 Mag.
475 2747 503 2791 at
513 2742 619 2790 Veneti.
638 2741 778 2792 summaer
795 2739 903 2792 Medici.
936 2741 1035 2790 Postea
1050 2739 1128 2789 videri
1146 2739 1171 2786 in
1188 2745 1300 2802 quatnor

161 2823 163 2828 ·
205 2803 281 2854 codd.
300 2803 329 2854 ri
343 2807 591 2869 pedoreauspeciuur
602 2812 660 2856 erat
671 2805 852 2856 dorthin-rr
870 2805 990 2856 i'orrtiue
1008 2812 1098 2853 contra
1115 2802 1191 2853 codd.
1210 2813 1300 2850 omncs

204 2867 288 2917 edidit
300 2873 323 2918 et
334 2869 402 2918 irriti.
433 2871 505 2919 Unus
516 2879 594 2934 eique
605 2871 669 2920 item
686 2871 762 2932 alter,
779 2872 910 2920 minumae
926 2883 982 2918 m
998 2869 1117 2931 depoeim:
1133 2869 1195 2916 Vat.
1207 2870 1231 2914 l.
1247 2879 1300 2914 cor-

202 2933 308 2982 teaiioae
317 2939 369 2982 ianr
377 2935 621 2997 monimenta-ld
638 2935 669 2986 ln
680 2934 856 2997 compluribus
868 2932 944 2982 codd.
962 2947 1020 2983 cum
1034 2933 1094 2981 vet.
1113 2931 1185 2993 illog.
1195 2930 1301 2978 Veneti.

205 2999 256 3044 dre.
271 2997 311 3045 aad
321 2997 455 3060 exquisitio.
489 2998 610 3050 Barthiue
621 2999 748 3049 rudebat:
763 2998 898 3062 precipuis,
911 3002 975 3048 cerie
990 2996 1189 3060 camisilia-19
1205 2993 1300 3056 copes.

697 3159 803 3214 NOTAE

205 3305 208 3310 ’
239 3303 387 3370 ΡΡαφιτα]
408 3305 648 3358 Colorumomninn
659 3305 732 3360 nobl-
773 3303 1009 3368 corebelauta,iia
1027 3303 1136 3354 Festus:
1162 3301 1302 3353 velaPel·

203 3381 333 3442 lieriurue3
370 3381 530 3445 epieeicule
556 3384 665 3446 dicitur,
687 3385 732 3449 qui
772 3378 1050 3442 imreiiercuiirniio,
1066 3379 1110 3443 qni
1130 3377 1167 3427 ibi
1186 3378 1303 3442 eepultue

203 3458 273 3508 nanc
283 3471 388 3507 eucernu
405 3457 431 3507 iu
452 3457 544 3509 mediis
559 3459 638 3509 habet
653 3458 733 3510 t'auei·
772 3461 815 3523 eit,
827 3460 865 3510 ite
875 3459 1015 3523 Diouyriue
1033 3465 1062 3508 et
1073 3457 1217 3522 Polybius:
1234 3457 1303 3505 vele

204 3533 263 3585 bris.
772 3533 980 3599 Puiepaetormn
991 3535 1060 3596 Dee,
1078 3533 1238 3582 itaSoiinus.
1270 3531 1303 3580 lu

238 3607 437 3674 ruinamve]
467 3609 608 3661 subsessor
629 3609 733 3675 proprie
771 3611 840 3661 huuc
872 3615 984 3660 muntem
1017 3608 1141 3658 Romulus
1177 3605 1303 3656 coloniam

206 3683 313 3748 dicitur,
324 3687 367 3750 qni
379 3687 411 3736 ad
424 3685 501 3736 allum
510 3686 679 3737 occidendum
688 3687 733 3737 de·
774 3701 845 3737 ruam
855 3685 975 3746 deduxit,
986 3683 1148 3747 primumque
1164 3695 1238 3730 muro
1250 3681 1304 3730 ein·

205 3763 320 3812 liteseit:
337 3761 387 3811 lroc
399 3762 424 3810 iu
433 3763 490 3811 loco
498 3762 566 3812 idam
576 3763 655 3827 valet,
666 3761 733 3830 qood
775 3761 800 3826 gi
814 3763 894 3811 voluit
908 3778 915 3823 ;
931 3759 1045 3825 quodibi
1057 3766 1083 3808 et
1095 3756 1175 3806 luerit
1185 3771 1236 3806 une
1246 3769 1304 3806 cnm

205 3846 349 3902 oppressor
359 3836 410 3884 tori
421 3835 506 3885 alieni.
773 3836 856 3886 fratre
866 3837 1010 3900 expositus,
1022 3840 1050 3883 et
1071 3833 1178 3896 augurio
1199 3833 1305 3884 Remum

240 3912 291 3961 'la
303 3909 412 3974 Pulutie]
430 3909 569 3968 Palatium,
589 3913 644 3960 rire
662 3925 734 3962 mour
774 3913 883 3960 vicerint
905 3925 937 3960 eo
949 3909 1062 3975 quodid
1083 3907 1125 3957 llio
1143 3907 1211 3958 colle
1229 3907 1304 3958 Pele·

207 3985 360 4050 Palatium
384 3987 426 4036 cul
447 4001 540 4036 nomeu
558 3985 677 4047 ludimur,
695 3989 736 4036 vel
775 3987 840 4046 tino,
857 3999 915 4035 cum
927 3985 1031 4034 Romuli
1049 3984 1139 4048 ipsine,
1150 3991 1204 4033 ium
1217 3985 1303 4048 impe·

206 4061 347 4123 ussmele,
358 4061 402 4126 qul
414 4075 472 4111 eum
489 4060 609 4111 Evandro
619 4062 737 4126 paldone
777 4069 890 4110 reiorum
912 4053 1025 4109 omuiuui
1045 4059 1078 4109 ab
1098 4060 1217 4124 Angurto
1243 4063 1303 4111 ania

207 4135 409 4196 lilncreoerint,
428 4137 465 4185 ita
481 4136 581 4186 i'arroz
607 4137 737 4186 velri’a·
774 4135 871 4198 fuerin
889 4138 948 4188 ideo
959 4137 1109 4201 Principum
1128 4139 1305 4191 dourueeiiern

208 4211 273 4262 latia
285 4213 371 4263 Letlui
391 4213 586 4281 liegirnaore:
614 4213 655 4264 rel
666 4229 682 4264 a
693 4227 737 4280 pe·
779 4229 846 4264 nune
858 4213 990 4266 Palatium
1003 4215 1078 4280 arrigo
1087 4213 1192 4267 dicitnr.
