3056 4892
478 390 558 442 eur.
575 392 624 439 ιν.
649 393 698 440 on
721 393 982 444 rauruarars.
1157 445 1160 452 ,
1208 381 1273 444 tor

185 555 227 598 ne
242 535 285 599 ad
298 535 512 617 exequiarum
537 535 670 618 quidem
692 536 876 620 impensam
899 537 1273 604 sufficientedecessit:

185 635 325 720 ideoque
340 636 475 719 publica
488 639 649 718 pecuniae
671 637 782 702 ductae
799 639 900 702 ειιιιῒ.8
946 639 1027 703 Non
1050 640 1167 704 attinet
1189 641 1270 706 ulte·

184 738 270 800 riore
285 737 508 821 disputatione
522 739 604 802 tanti
628 737 690 800 viri
712 745 940 820 paupertatem
955 741 1115 804 scrutari:
1138 742 1270 806 abunde

184 838 271 901 enirn
286 845 390 921 patet,
413 838 493 922 quid
510 839 608 902 virus
623 839 820 922 possederit,
846 842 900 904 cui
915 849 1043 906 mortuo
1058 842 1162 908 lectus
1175 841 1270 907 fune-

183 939 266 1016 bris,
281 945 316 1004 et
329 957 428 1021 rogus
442 930 574 1004 deluit*

224 1037 426 1118 autentas
456 1039 682 1123 amplitudinis
710 1039 894 1123 Agrippam
920 1040 1136 1108 Meneninm‘¹
1164 1043 1269 1110 luisse

182 1140 389 1218 arbitremur,
404 1159 505 1223 quem
520 1146 656 1206 senatus
670 1148 705 1206 et
719 1141 816 1224 plebs
831 1142 928 1224 pacis
943 1142 1028 1208 inter
1040 1163 1078 1207 se
1091 1143 1269 1212 faciendae·

182 1247 350 1306 auctorem
379 1243 505 1324 legitl⁹
548 1241 693 1321 Quantae
716 1243 846 1308 scilicet
873 1262 949 1307 esse
971 1244 1121 1308 debuit¹⁰
1143 1246 1269 1310 arbiter

181 1343 330 1426 publicae
345 1344 476 1408 salutis.
521 1343 591 1409 Hic
605 1345 670 1408 nisi
685 1363 706 1408 a
721 1345 850 1428 popule
865 1345 998 1410 collatis
1012 1346 1048 1408 in
1062 1347 1175 1429 capita
1188 1365 1267 1412 sex·

180 1441 348 1510 tentibus‘
365 1445 532 1512 funeratus
548 1452 661 1522 esset,⁸
681 1447 729 1512 ita
750 1447 901 1530 pecuniae
925 1448 1024 1530 inops
1048 1447 1205 1525 decessit,
1227 1454 1267 1514 ut

180 1546 361 1627 sepulturae
377 1547 498 1611 honore
513 1549 687 1612 caruisset.
730 1547 854 1612 Verum
868 1548 991 1612 idcireo
1005 1549 1193 1631 perniciosa
1214 1569 1267 1614 se-

180 1647 303 1711 ditione
317 1647 453 1713 dividua
467 1648 590 1713 civitas
610 1649 762 1712 manibus
776 1647 937 1731 Agrippae
953 1649 1102 1713 inunum
1117 1650 1266 1714 contrahi

177 1749 391 1836 voluit‚'quia
406 1769 464 1814 eas
476 1769 643 1834 pauperes
657 1750 802 1832 quidem,
826 1750 887 1815 sed
906 1757 1043 1816 sanctes
1058 1751 1264 1816 animadver-

179 1856 287 1914 terat·
330 1849 434 1934 Cujus
457 1858 495 1914 ut
518 1852 709 1934 superstitis
725 1851 852 1916 nullum
873 1850 946 1928 tuit,
972 1851 1063 1934 quod
1077 1852 1112 1916 iu
1127 1871 1264 1916 censum

210 2089 220 2116 o
237 2081 326 2131 ideireo
341 2082 428 2132 eicitur
445 2083 575 2146 partam
592 2085 707 2134 editione
724 2085 801 2135 diuise
816 2086 890 2134 noluit
902 2086 929 2136 ire
943 2085 1091 2136 murdim
1106 2087 1187 2138 reduci
1200 2087 1264 2136 illiue

177 2159 255 2210 epau,
271 2162 338 2210 quem
351 2163 476 2212 pauperem
485 2150 585 2212 perillera,
600 2152 641 2200 ud
650 2151 728 2200 virum
734 2151 913 2212 teregenr'm
922 2156 1071 2214 cognom.

633 2323 807 2346 mm

176 2455 212 2504 sic
223 2454 338 2504 nonnulli
349 2454 526 2518 Figuram-s
542 2455 638 2520 Utrrrj.
650 2459 673 2505 l.
688 2457 792 2506 mma
802 2459 915 2504 ruat-⁹
932 2453 1018 2504 Antea
1036 2454 1162 2506 edebatur
1180 2457 1263 2519 elegit,

176 2519 278 2583 quodie
290 2518 389 2583 aliquot
399 2527 439 2568 ert
449 2518 525 2568 codd.
543 2520 615 2582 Meg.
628 2527 715 2574 umen
725 2521 791 2582 legit.
826 2519 971 2569 Decetiam
982 2519 1057 2570 cedd.
1067 2520 1173 2570 Terren.
1184 2521 1262 2585 paulo

176 2589 245 2644 aute,
255 2582 471 2632 arbitrerisne-1⁰
488 2583 531 2633 Sic
540 2584 679 2633 Torrentur
690 2585 716 2632 in
726 2583 842 2660 omnibns
852 2585 917 2634 Mu.
926 2582 1036 2654 (praeter
1050 2583 1119 2634 Uitr.
1131 2587 1206 2648 prim.
1217 2585 1262 2648 qui

174 2647 254 2698 hebet
272 2649 379 2704 Quartae
396 2647 486 2698 colim
503 2661 552 2698 erre
570 2647 674 2713 delum)
691 2654 719 2698 et
737 2647 891 2699 edinembm
907 2649 1014 2713 reperit,
1038 2655 1066 2698 et
1087 2663 1133 2712 pro
1156 2649 1261 2712 vulgate

661 2825 768 2876 Nom

204 2971 333 3022 ‘Pulliae
340 2970 450 3036 peream]
466 2970 498 3020 ln
508 2969 607 3020 Valerii
617 2971 694 3020 bene·
737 2969 808 3019 sione
818 2968 961 3018 debitorum
973 2967 1082 3020 Senatus
1099 2985 1153 3020 nen
1173 2973 1258 3022 sterir-

172 3060 227 3097 rem
237 3047 288 3096 tria
298 3048 429 3111 precipue
441 3047 549 3098 Senatus
561 3047 692 3096 decrerit:
735 3053 785 3108 ret,
800 3045 826 3094 in
845 3052 955 3094 mentem
973 3046 1108 3110 quendem,
1126 3047 1169 3112 qui
1186 3063 1258 3100 mons

172 3135 259 3184 unum,
278 3130 308 3172 ut
328 3121 426 3172 funeris
449 3122 566 3187 exequias
584 3121 694 3184 publicis
735 3133 807 3169 sacer
824 3119 978 3169 indedictos
995 3127 1045 3183 eet,
1062 3123 1258 3186 propterAnle·

171 3197 298 3246 sumtibus
312 3197 520 3259 celebrarentur;
537 3197 655 3257 alterum,
665 3203 695 3244 ut
734 3209 792 3244 uem
806 3195 927 3244 secessit:
945 3196 1014 3245 misul
1032 3197 1076 3260 qui
1095 3213 1150 3246 enar
1171 3201 1256 3262 plara·

171 3273 241 3322 intre
262 3274 351 3324 urbenr
374 3273 407 3323 ed
429 3273 531 3323 Vellem
552 3273 693 3336 sepulture
734 3277 792 3320 rent
809 3269 838 3319 Τ.
849 3269 957 3333 Largius
976 3270 1073 3333 primur
1090 3271 1213 3322 Dictator
1228 3279 1257 3324 et

170 3351 242 3400 leons
253 3359 351 3414 preter
361 3365 467 3412 rnorem,
480 3349 569 3413 stipsi
580 3348 695 3410 deretur,
734 3344 871 3394 Menenius
891 3343 1025 3408 Agrippe3
1050 3346 1121 3410 cujus
1140 3349 1257 3400 oratione

170 3427 275 3477 stillim
287 3427 414 3490 posteris:
430 3425 544 3484 tertium,
560 3431 590 3476 ut
601 3429 694 3474 metre-
734 3419 841 3470 delinita
859 3418 932 3484 plebs
949 3419 977 3468 iu
996 3420 1084 3470 urbem
1102 3421 1204 3486 quidem
1214 3438 1255 3474 re·

169 3517 220 3565 nee,
233 3516 296 3552 eure
303 3515 466 3566 purpuraque
478 3499 612 3564 depositis,
624 3499 694 3548 illurn
733 3495 798 3556 diit;
815 3495 860 3545 red
879 3509 910 3546 ea
928 3495 995 3558 lege,
1015 3503 1045 3546 ut
1064 3496 1189 3547 Tribunos
1211 3498 1255 3548 lra-

168 3592 218 3641 per
234 3591 327 3628 annum
345 3577 464 3640 lugerent
480 3574 619 3638 integrum.
652 3571 694 3622 lte
734 3572 818 3623 beret.

168 3651 276 3716 Dionys·
287 3651 397 3702 etPlut.
765 3645 959 3710 'Sextantilrrfl
984 3647 1095 3698 Seriane
1116 3655 1157 3699 est
1179 3658 1255 3702 sexte

199 3727 215 3756 ⁸
231 3727 327 3778 anot.
339 3731 413 3778 ΒΜ.
437 3725 480 3776 01.
490 3729 563 3778 diat.
588 3724 689 3776 Urbe.
731 3725 872 3790 petrusio,
889 3723 1028 3774 reattbre.

166 3809 224 3856 ²⁶1.
248 3805 311 3856 Ant.
320 3805 368 3856 Cb.
379 3809 437 3854 ὕοι.
764 3808 776 3844 t
793 3801 925 3850 Funeratus
937 3797 1009 3860 met]
1025 3797 1139 3861 Populus
1151 3799 1253 3864 quidem

197 3879 358 3945 “Agr-ippum
380 3878 528 3942 Menenium]
554 3879 690 3940 Lanatum,
730 3875 1040 3940 aderequimpecuuiem
1056 3873 1180 3936 dederam
1195 3889 1254 3930 cunt

166 3957 210 4020 qul
230 3957 326 4008 consid
346 3955 379 4005 de
401 3954 528 4006 Auruncis
548 3953 688 4016 triumpha·
729 3965 791 4002 rere
802 3965 834 3999 ex
844 3949 936 4000 erario
948 3949 1050 4013 publice
1060 3950 1163 4012 sepeliri
1174 3951 1254 4000 Seue·

166 4039 217 4082 rat.
729 4032 770 4075 tus
792 4024 923 4088 iussisset,
953 4023 1022 4089 qued
1053 4031 1155 4074 mortno
1182 4026 1253 4090 patri

197 4108 298 4160 ‘Puris
318 4109 381 4160 teter
401 4123 427 4158 ee
450 4105 581 4168 leoinde]
608 4104 688 4156 Plebs
728 4099 801 4165 plebs
822 4099 975 4164 destinarat,
996 4099 1059 4150 viris
1081 4099 1168 4152 liberie
1187 4103 1251 4152 rler·

164 4181 272 4248 offensa,
298 4185 367 4250 qnod
389 4183 520 4250 premissis
546 4181 580 4234 de
601 4181 689 4234 remit·
728 4177 842 4242 giteest.
