3056 4892
271 295 337 364 aet
561 313 716 362 vsceurr
741 311 888 362 uuxrrut
913 313 983 360 nin.
1002 313 1056 360 ur.

316 459 347 524 2.
370 457 409 522 L.
424 475 500 521 vero
516 454 713 540 Scipionisb
735 461 882 520 statuam
907 455 1178 540 chlamydatam¹¹
1202 465 1238 521 et
1261 459 1379 542 crepi-

274 559 384 626 datam
399 559 433 622 in
458 557 628 640 Capitolio
652 559 831 624 ceruimus.
876 555 956 637 Quo
976 557 1092 622 babitu
1107 558 1275 638 videlicet,
1290 564 1381 644 quia

274 659 452 743 aliquando
466 679 548 724 usus
564 667 645 738 erat,
661 659 799 742 effigiem
816 681 910 726 suani
924 659 1096 726 formatam
1112 661 1195 745 poni
1210 663 1329 727 voluit

316 763 349 826 u.
371 763 411 826 L.
435 781 572 846 qnoque
595 763 702 846 Sylla,
726 781 802 827 curn
827 762 1004 846 imperator
1024 769 1127 840 esset,
1153 763 1376 847 chlamydato

274 865 339 930 sibi
355 877 391 930 et
406 864 577 950 crepidato
591 869 615 900 ¹²
639 863 789 948 Neapoli
803 865 972 930 ambulare
986 865 1131 929 deforme
1146 885 1213 929 non
1227 865 1337 930 duxit.

315 967 348 1032 4
371 966 409 1032 C.
426 973 535 1032 autern
551 967 724 1043 Duilius,¹³
747 968 805 1050 qui
829 967 955 1050 primns
976 968 1128 1032 navalem
1148 968 1376 1052 triumphume

274 1090 320 1138 ex
332 1070 451 1136 Poeuis
465 1069 586 1146 retulit,
601 1071 875 1154 quotiescumque
890 1069 1083 1152 epulaturus
1098 1075 1183 1146 erat,
1206 1070 1248 1134 ad
1274 1071 1374 1136 tuna·

274 1176 339 1240 lern
355 1191 482 1238 cereum
498 1177 667 1254 praeeunte
683 1171 831 1248 tibicine,
855 1177 889 1236 et
909 1170 1053 1249 fidicine,
1068 1191 1090 1236 a
1110 1191 1209 1237 coena
1232 1171 1372 1238 domurn

273 1277 394 1340 reverti
410 1273 605 1350 solitusest,
617 1274 778 1356 insignem
793 1271 923 1336 bellicae
938 1273 984 1336 rei
998 1292 1192 1338 successum
1206 1283 1373 1340 nocturna

275 1373 524 1443 celebratione*
546 1375 727 1450 testandae

317 1481 350 1546 5.
374 1479 408 1544 N
411 1499 463 1543 am
476 1485 504 1526 '4
525 1477 685 1560 Papirius
701 1478 837 1562 quidem
850 1477 982 1558 Masso,
1004 1499 1079 1544 curn
1095 1479 1176 1542 bene
1190 1484 1285 1561 gesta
1298 1477 1371 1542 Re-

274 1581 433 1664 publica⁸
454 1579 657 1664 triumphum
673 1601 695 1646 a
709 1581 836 1646 Senatu
851 1602 919 1646 non
934 1583 1155 1666 impetrasset,
1170 1583 1205 1646 in
1231 1581 1369 1646 Albano

273 1678 410 1746 rnonte'
429 1683 655 1766 triumphandi
671 1684 791 1766 etipse
812 1685 941 1750 initium
956 1683 1046 1761 fecit,
1067 1691 1100 1747 et
1113 1683 1231 1748 ceteris
1246 1691 1370 1768 postea

274 1785 463 1868 exemplum
494 1785 659 1867 proebuit:
697 1805 825 1870 proque
854 1787 968 1850 laurea
994 1805 1131 1863 corona,
1160 1803 1237 1850 curn
1266 1785 1370 1850 alicui

273 1887 472 1970 spectaculo
486 1888 674 1965 interesset,
689 1897 818 1972 myrtea
833 1895 997 1972 sempor¹⁵
1017 1907 1098 1954 usus
1112 1895 1188 1972 est,

761 2082 909 2106 euoenon

275 2214 351 2265 codd.
362 2217 406 2266 alii
417 2217 531 2276 trebent;
546 2217 571 2266 irr
583 2217 687 2267 utute.
700 2217 833 2278 iuliade.
850 2214 907 2264 alii:
925 2215 951 2264 ie
970 2215 1011 2274 iia,
1028 2221 1052 2265 et
1070 2215 1136 2273 uto,-
1151 2215 1212 2266 aliir
1229 2215 1254 2266 ie
1269 2216 1327 2274 illie,
1345 2221 1370 2266 et

273 2281 323 2338 iir,·
339 2283 452 2330 nonnulli
466 2289 494 2330 ut
506 2281 578 2330 dedit
590 2281 769 2340 Pirurur.-rr
789 2281 888 2329 (itunae
906 2279 982 2329 eodd.
1001 2280 1109 2329 l'orren.
1132 2282 1290 2330 Clnmidoterrr
1307 2283 1368 2328 aeri·

274 2345 413 2394 bunt—12
431 2346 503 2396 Leld.
514 2351 535 2396 l.
547 2349 571 2396 7.
588 2353 616 2395 et
628 2345 722 2410 Uitraj.
734 2349 760 2394 2.
783 2345 916 2394 Ctnmiduto
932 2344 1013 2394 lubitu
1032 2350 1055 2394 rt
1074 2345 1211 2407 crepidator
1228 2341 1298 2394 beiti.
1308 2347 1334 2393 8·
1345 2351 1370 2394 u.

273 2417 300 2458 et
313 2409 407 2474 Coper.
419 2411 543 2460 &nidulo
553 2415 576 2458 rt
587 2411 707 2472 crepidato
719 2410 816 2466 idne,-
832 2409 902 2468 Mor.
915 2409 1048 2459 Ciumiduto
1058 2408 1104 2458 ribi
1114 2409 1195 2460 inbitur
1205 2414 1229 2458 et
1239 2409 1368 2470 crepidato.

272 2477 336 2522 -li
356 2475 421 2524 Dau.
447 2489 505 2524 cum
526 2473 645 2522 undecim
665 2475 773 2526 Torren.
793 2473 920 2530 Duellius:
943 2472 1038 2536 [iopes.
1058 2473 1169 2523 Doctior.
1209 2474 1273 2523 blox
1295 2473 1368 2522 Peri-

272 2537 359 2586 eoulua
371 2539 451 2600 legit:
468 2540 576 2601 amarae
585 2537 679 2598 suerat,
693 2538 734 2587 rel
745 2543 806 2588 erut.
838 2539 902 2588 Tum
915 2537 1170 2600 profaunlemerreaer
1179 2537 1274 2587 Petrus
1283 2537 1369 2586 Paber

272 2600 517 2664 luitdrudis-lt
534 2601 643 2665 Pighius
671 2602 757 2651 omisit
778 2604 850 2664 Nom,
874 2601 1037 2665 improbante
1062 2603 1170 2651 Torren.
1196 2603 1245 2651 hoc
1272 2601 1369 2652 liabent

272 2663 362 2714 decem
375 2665 450 2714 codd.
462 2673 489 2714 et
500 2665 559 2714 edd.
571 2673 636 2716 vett.
654 2667 711 2716 duur
722 2667 815 2716 Uitra'.
825 2671 849 2716 i.
866 2667 963 2716 Merrae
973 2665 1087 2728 Papiriae
1099 2665 1188 2716 beidd.
1199 2671 1224 2718 2.
1234 2671 1258 2716 7.
1293 2667 1368 2714 Corn·

272 2729 358 2790 piures
376 2727 455 2778 codd.
470 2729 714 2792 impetravisset-15
734 2729 809 2780 liar.
829 2729 915 2780 Bitur.
929 2735 952 2780 1.
971 2729 1060 2780 laeidd.
1077 2735 1103 2781 ὅ.
1114 2735 1138 2780 ti.
1156 2734 1181 2781 7.
1197 2729 1293 2794 Ultraj.
1306 2735 1329 2778 l.
1343 2735 1367 2780 2.

764 2893 870 2944 NO'PAE

303 3019 368 3070 Π..
389 3034 444 3070 uero
462 3019 592 3084 Scipioeid
618 3020 738 3084 Asiatici,
754 3021 798 3086 qut
840 3020 956 3084 qnotidie
978 3021 1169 3087 triumpharet!
1209 3021 1283 3071 Ideni
1312 3019 1365 3071 iere

270 3093 388 3146 Africani
400 3096 509 3159 Maioris
528 3095 610 3147 trater
623 3095 682 3156 tuit,
699 3107 725 3146 er
744 3095 798 3146 An·
840 3097 932 3148 Cicero
945 3097 971 3148 in
983 3099 1090 3150 Catone.

269 3171 383 3220 tiochum
405 3171 529 3236 Magnum
550 3172 620 3222 vicit.
663 3173 705 3220 De
727 3171 798 3236 Sylla
871 3172 950 3224 run.
963 3173 1000 3222 Μ.
1012 3177 1086 3224 utut.
1119 3173 1162 3224 Ol.
1175 3177 1231 3224 ltu.
1244 3179 1267 3223 1.
1299 3173 1364 3223 Urb.

270 3254 437 3311 repeantee.
839 3247 937 3297 stitit.
966 3247 1160 3300 mcum.

301 3329 312 3354 ⁶
337 3322 452 3371 Nnooiem
474 3323 629 3386 triumphum]
654 3325 753 3384 Purrnto
782 3339 799 3374 a
870 3325 965 3374 ‘Bere
974 3331 1042 3388 geete
1059 3325 1130 3390 nep]
1148 3325 1243 3376 Corsos
1260 3325 1365 3390 quidem

269 3397 358 3448 Ptenis
381 3398 503 3448 Cornelio
532 3401 664 3463 Scipione,
693 3401 797 3450 Duilius
838 3401 937 3450 eiceret
950 3401 1085 3465 Papirius,
1101 3401 1147 3452 sed
1160 3417 1364 3460 magdaenorum

268 3473 338 3524 intra
355 3479 398 3524 ott.
415 3473 470 3522 dies
488 3475 599 3524 elacrem
621 3481 675 3526 lou.
693 3478 796 3526 naviuin
837 3484 941 3540 strages
958 3491 1039 3543 quare
1058 3487 1168 3542 negatus
1185 3478 1266 3528 bonor
1278 3478 1366 3528 trium·

268 3549 425 3609 rouetrnxit,
439 3551 624 3616 commissoque
640 3553 729 3614 pretio
741 3555 795 3602 boe·
837 3551 890 3615 plrl.

268 3627 332 3676 tium
348 3641 427 3676 nares
443 3631 483 3675 ⁵0.
504 3629 607 3679 mersit:
626 3629 756 3692 vertitque
769 3631 796 3678 in
869 3625 925 3676 'la
943 3627 1035 3678 Alium
1051 3629 1138 3692 morte]
1157 3630 1216 3680 Non
1229 3631 1318 3693 proenl
1331 3631 1364 3680 ab

267 3701 354 3766 tirgam
374 3717 462 3754 eorum
481 3703 583 3766 ducem,
600 3719 646 3754 seu
666 3703 797 3754 Hanniba·
838 3705 915 3767 urbe;
931 3705 999 3772 quod
1010 3707 1125 3771 Jupiter,
1134 3718 1161 3756 er
1172 3708 1326 3772 imperator,
1336 3715 1365 3756 et

267 3779 327 3842 lem,
339 3779 554 3829 eeulmiieoueru.
838 3781 940 3846 Victor,
955 3789 984 3832 ut
1003 3781 1029 3831 in
1051 3783 1191 3847 Capitolio,
1215 3785 1251 3832 ita
1273 3782 1298 3830 iu
1321 3784 1364 3832 iiio

299 3851 629 3921 tumamceuurrtorr]
645 3857 795 3906 ‘Noncom
836 3865 926 3908 monte
956 3857 1041 3921 prisea
1070 3859 1194 3924 religione
1226 3861 1364 3909 coleretur.

267 3935 356 3979 tentus
378 3930 453 3980 unius
474 3931 526 3980 diei
550 3931 696 3996 triumpho,'
713 3933 797 3996 inquit
836 3931 923 3981 Hodie
937 3931 1129 3984 Moeranum.

267 4005 369 4068 Florus,
393 4007 464 4071 ‘per
485 4008 562 4058 ritant
582 4023 692 4070 omnem,
714 4010 757 4060 ubi
780 4023 803 4062 a
868 4007 946 4065 trin.
958 4009 998 4058 M.
1009 4013 1084 4058 882³.
1118 4009 1265 4060 Olim.
1299 4009 1365 4060 uro.

267 4093 342 4130 erens
358 4081 466 4145 rediret,
483 4085 627 4146 preineere
644 4083 751 4148 t'unaiia,
767 4093 795 4136 et
836 4083 866 4134 C.
880 4088 935 4134 tua.
963 4084 1025 4136 Ant.
1037 4085 1083 4136 cn.
1095 4089 1136 4134 2³.

268 4155 412 4220 precinere
434 4159 483 4208 uitri
509 4159 586 4210 tibias
607 4159 698 4222 jussit,
721 4161 793 4224 quasi
