3050 4890
631 383 837 440 annuntio.
1262 375 1284 438 5

187 537 260 598 sent
282 533 393 598 allata.
438 530 526 610 Quae
548 531 627 596 durn
649 533 795 608 molirer,
822 551 902 597 ecoe
922 537 1046 615 praetor
1066 553 1196 598 omnem
1211 537 1283 618 opi-

187 636 321 698 nionem
359 634 556 698 liberalitate
592 633 865 716 praenobilissimi
904 642 1005 718 atque
1042 637 1283 701 consultissimi

188 737 435 818 Heerwagenii,
451 737 561 800 Seren.
577 735 726 818 Princip.
742 756 763 800 a
778 735 939 800 Consiliis
965 735 988 799 J
991 736 1116 801 ustitiae
1140 743 1176 800 et
1199 736 1284 820 Syn-

188 839 255 906 dici
269 837 425 904 Civitatis
440 837 647 915 Baruthinae,
670 839 705 901 in
722 855 837 900 manns
861 856 955 901 meas
974 839 1068 902 venit
1081 838 1195 904 Editio
1208 858 1283 922 per-

186 949 330 1020 vetusta,
347 944 420 1007 sine
436 942 561 1006 indicio
575 943 656 1020 loci,
671 942 760 1018 anni,
775 948 809 1005 et
824 942 1033 1024 typographi,
1048 941 1154 1006 forma
1167 941 1285 1026 majori

185 1045 362 1128 impressa,
386 1045 452 1110 159
475 1043 555 1110 folia
579 1045 765 1122 continens,
781 1045 938 1108 Fabricio
953 1062 1019 1107 non
1042 1043 1184 1126 cognita,
1208 1051 1242 1108 et
1263 1063 1285 1108 a

186 1147 320 1211 nemine
341 1149 553 1230 interpretum
579 1147 742 1223 consulta,
765 1153 909 1230 excepto
925 1145 1055 1230 Lipsio,
1078 1147 1229 1228 quivero
1250 1146 1285 1210 in

186 1249 308 1332 paucis
333 1247 561 1312 tantummodo
585 1246 672 1311 locis
693 1247 850 1330 inspexit,
874 1267 1016 1330 eamque
1035 1245 1213 1311 ‘Veterem
1227 1247 1285 1311 Li-

186 1348 302 1412 brum'
325 1349 521 1432 appellavit.
567 1348 742 1414 Consentit
764 1350 822 1414 illa
847 1350 1027 1432 plurimum
1042 1368 1118 1413 curu
1140 1347 1208 1412 Ms.
1224 1349 1286 1414 Ul·

187 1449 364 1532 trajectino
379 1451 501 1533 primo,
515 1450 615 1516 habet
629 1456 738 1516 tamen
752 1471 888 1534 quoque
904 1452 1081 1516 Lectiones
1092 1451 1287 1537 peculiares.

187 1551 348 1636 Formata
362 1560 416 1616 cst
431 1552 503 1616 sine
513 1553 604 1616 omni
618 1554 724 1618 dubio
738 1573 784 1617 ex
798 1553 873 1618 cod.
889 1552 970 1632 Ma,
984 1559 1017 1619 et
1031 1554 1163 1638 quidem
1169 1572 1285 1638 perve-

167 1720 174 1733 ,
186 1660 287 1733 tusto,
310 1654 402 1740 (ude
416 1655 459 1718 nd
471 1657 616 1720 v111.13.
630 1657 709 1720 Ext.
719 1654 770 1740 7.)
783 1657 937 1739 omnique
945 1657 1020 1740 jore
1036 1658 1081 1721 ad
1095 1656 1286 1740 antiquissi-

185 1777 260 1822 mas
273 1755 401 1822 Valerii
415 1758 586 1824 Editiones
600 1759 712 1825 referri
731 1761 852 1840 dehet3
875 1765 965 1824 certe
977 1759 1234 1836 Mediolanensi,
1255 1759 1286 1824 si

186 1879 251 1924 non
266 1858 478 1940 Moguntina,
502 1868 553 1926 est
575 1863 755 1946 antiquior.
800 1861 931 1940 Codex,
955 1881 1000 1926 ex
1020 1881 1087 1945 quo
1102 1859 1286 1938 illallnxit,

187 1966 244 2028 aut
257 1962 330 2045 ipse
345 1965 483 2028 mutilus
498 1965 575 2038 init,
598 1971 657 2030 aut
671 1986 717 2030 ex
732 1965 811 2043 aIio,
822 1985 931 2050 eoque
944 1963 1118 2030 vetustiori
1139 1962 1287 2046 descrip-

186 2067 255 2142 tus,
278 2084 322 2130 ex
337 2085 406 2149 quo
421 2086 522 2130 unum
545 2067 734 2132 altemmve·
747 2067 874 2143 solium,
900 2065 992 2149 quod
1008 2064 1127 2146 viginti
1141 2070 1288 2146 quatuor

186 2168 344 2251 exempla
367 2168 441 2232 Lib.
460 2185 484 2230 ι.
512 2189 586 2252 cap.
604 2168 633 2232 l.
657 2167 736 2232 Eat.
751 2168 785 2232 5.
809 2185 918 2249 usque
946 2165 990 2230 ad
1014 2165 1091 2229 Lib.
1107 2165 1137 2228 1.
1161 2185 1239 2246 cap.
1254 2167 1286 2230 4.

184 2265 266 2332 Ext.
291 2269 322 2334 1.
355 2271 555 2347 continebat,
587 2276 765 2335 exsectum
794 2288 871 2332 esso
897 2268 1039 2330 ridetur.
1085 2264 1176 2328 Nam
1204 2264 1285 2330 solio

185 2371 310 2454 primo,
324 2372 383 2436 ubi
398 2373 511 2456 capita
521 2373 600 2436 libri
614 2372 715 2456 primi
729 2376 956 2444 recensentur,
973 2368 1126 2432 ‘tertium
1139 2367 1181 2430 de
1195 2365 1288 2431 Omi-

185 2470 306 2534 nibus'
326 2471 520 2552 inscriptum
535 2480 599 2534 est.
644 2471 726 2534 Hoc
749 2475 861 2534 autern
884 2469 920 2532 in
938 2472 1031 2532 textu
1054 2468 1132 2549 ipso
1152 2473 1286 2550 praeter-

185 2573 338 2648 mittitur,
353 2578 389 2635 et
403 2571 507 2656 capiti
522 2570 672 2635 secundo
690 2576 701 2606 ‘
716 2571 759 2634 de
775 2570 941 2653 Negleota
961 2568 1148 2649 Religione'
1169 2571 1286 2634 statim

186 2675 396 2757 subjungitur
408 2679 510 2756 caput
523 2680 674 2757 quartum
692 2675 756 2739 ‘de
768 2671 958 2754 Prodigiis!
995 2669 1113 2734 Scriba
1128 2669 1203 2735 cod.
1214 2669 1287 2736 Ms-

186 2795 231 2839 ex
246 2795 302 2840 ore
321 2775 479 2840 dictantis
500 2776 692 2858 pendebat;
714 2776 831 2840 insunt
853 2774 942 2838 eninr
963 2771 1079 2836 multae
1098 2771 1289 2846 Lectiones,

188 2895 264 2960 quar
289 2895 355 2940 non
375 2875 442 2940 nisi
473 2895 518 2939 ex
543 2876 811 2960 pronuntiatione
835 2873 1004 2958 proficisci
1030 2877 1215 2955 potuerunt,
1238 2873 1288 2938 nti

186 2980 315 3062 passim
331 2977 501 3054 annotavi,
517 2996 546 3040 e.
556 2998 587 3060 g.
602 2977 647 3042 ad
663 2993 702 3040 11.
718 2977 750 3040 1.
761 2979 813 3058 4.;
836 2997 880 3042 ex
895 2976 1017 3059 quibus
1027 2976 1170 3058 patriam
1178 2973 1287 3038 horni-

187 3081 322 3156 nisnon
344 3081 486 3144 obscure
506 3079 657 3161 colligas.
703 3078 790 3158 Quae
813 3081 848 3143 in
865 3077 932 3143 Ms.
947 3076 1138 3141 abbreviato
1160 3076 1287 3158 scripta

189 3186 294 3258 erant,
315 3200 409 3264 saepe
422 3180 617 3258 retinuite.
631 3201 662 3264 g.
682 3177 720 3244 Ti
734 3201 796 3266 pro
811 3178 912 3244 ilarii
919 3203 931 3250 ,·
951 3199 1012 3262 pur
1025 3196 1087 3260 pro
1100 3197 1200 3260 paron
1209 3201 1221 3246 ,·
1243 3197 1286 3238 ua

185 3306 249 3370 pro
273 3285 364 3363 unde,
387 3284 439 3360 ac.
484 3281 641 3347 Ceterum
664 3284 767 3347 multu
790 3281 894 3345 habet
916 3280 999 3344 aba
1025 3278 1285 3362 typographica,

188 3389 278 3453 sicut
298 3405 414 3451 ornnes
429 3383 615 3464 Editiones,
641 3404 717 3469 quae
741 3385 831 3450 circa
846 3383 943 3448 1470.
966 3381 1173 3464 prodierunt,
1198 3385 1230 3444 et
1251 3381 1286 3444 in

187 3487 422 3572 orthographia
443 3505 520 3550 cum
543 3485 620 3550 aliis
646 3486 799 3570 ejusdem
826 3483 937 3549 aetafis
961 3482 1138 3566 conspirat.
1183 3480 1286 3544 Hanc

187 3587 787 3674 igiturEditionem,quaeMs.codicis
796 3587 905 3650 vicem
915 3583 1069 3668 supplere
1077 3582 1198 3666 possit,
1209 3601 1286 3646 ourn

186 3699 281 3758 textu
296 3692 501 3757 Torreniano
516 3711 628 3775 operae
648 3690 792 3774 pretium
807 3689 890 3753 duxi
904 3687 1060 3769 religiose
1075 3682 1230 3760 conferre,
1254 3689 1288 3748 et

187 3795 337 3878 potiores
355 3793 536 3858 lectiones
559 3793 707 3858 Editioni
728 3813 815 3858 meae
837 3792 992 3855 inserere.
1038 3785 1155 3850 Habui
1180 3783 1284 3867 hujus

186 3896 321 3961 molesti
345 3915 426 3960 sane
448 3897 572 3960 laboris
598 3897 729 3961 socium
752 3895 918 3959 Joannem
944 3887 1167 3954 Christianum
1191 3885 1286 3967 Kap-

187 3999 292 4082 pinm,
306 3995 416 4060 fratris
431 3997 494 4060 mei
515 3997 633 4074 filium,
649 3995 825 4079 Gymnasii
848 3993 950 4057 nostri
974 3991 1081 4055 civem
1097 3987 1286 4070 impigrum,

188 4099 245 4182 qui
260 4105 354 4162 tanto
376 4099 412 4162 in
435 4105 591 4162 auctores
616 4097 778 4162 classicos
802 4113 880 4160 curn
896 4091 1040 4157 Graecos
1064 4095 1131 4154 tum
1147 4085 1286 4152 Latinos

186 4199 289 4266 fertur
304 4199 428 4277 studio,
443 4206 480 4264 nt
495 4201 640 4264 omnium
653 4197 847 4264 Editionum
861 4194 1052 4276 catalogum
1064 4197 1240 4257 contexere
1251 4191 1285 4256 in
