3126 4902
500 421 580 469 car.
596 419 679 470 rur.
703 421 752 470 nn
778 421 997 480 rrrnrcuuru.
1232 399 1298 471 205

204 560 402 626 excellentis
415 561 543 640 iormae,
558 561 645 626 albis
660 563 758 646 equis
773 563 989 641 residentes‚⁵
1012 563 1135 628 obvios
1149 564 1212 628 sibi
1228 559 1298 628 sac·

206 673 261 727 tos
275 662 433 740 nuntiare,
457 664 543 744 ‘die,
558 666 616 748 qui
629 665 855 748 praeterierat,⁶
882 666 1009 730 Persen
1021 663 1147 746 regemj
1162 665 1300 729 aPanlo

207 763 364 846 captum?
406 765 506 844 Quod
522 787 597 831 cum
614 768 742 830 senatui
764 768 957 842 indicasset,
972 774 1129 850 tanquam
1144 766 1302 850 majesta-

208 866 252 928 tis
271 865 343 948 ejus
356 872 390 932 et
404 867 633 950 amplitudinis
648 886 736 931 veno
750 886 904 930 sermone
918 874 1115 942 contemtor,
1142 868 1174 930 in
1190 885 1303 930 carce-

206 985 278 1030 rem
292 966 485 1050 conjectus,⁷
507 973 688 1050 postquam
706 967 805 1030 Pauli
819 965 927 1029 literis
937 966 994 1030 illo
1007 966 1062 1030 die
1079 966 1207 1029 Persen
1221 985 1303 1049 cap-

209 1073 279 1132 tum
308 1069 473 1152 apparuit,
500 1075 535 1130 et
563 1067 719 1131 custodia
739 1067 912 1142 liberatus,
941 1073 974 1131 et
999 1067 1137 1150 insuper
1166 1085 1244 1147 agro
1272 1073 1307 1130 ei

207 1170 385 1234 vacatione
399 1168 542 1234 donatus
557 1164 635 1232 est.¹‘
678 1166 851 1232 Castorem
866 1187 945 1232 vero
963 1175 997 1233 et
1010 1167 1188 1232 Pollucem
1204 1169 1306 1232 etiam

209 1271 269 1338 illc
284 1279 436 1354 tempore
450 1289 511 1352 pro
527 1271 667 1354 imperio
682 1270 802 1353 populi
818 1269 965 1334 Romani
988 1270 1205 1347 excubuisse,
1228 1287 1307 1350 cog·
1349 1335 1350 1338 ,

211 1370 317 1435 nilum
331 1376 392 1447 est,
407 1389 473 1453 qno
489 1371 532 1436 ad
546 1372 656 1436 lacum
670 1370 692 1435 J
694 1367 851 1448 utumae,'
864 1367 871 1406 ¹
893 1389 991 1434 suurn
1006 1390 1230 1454 equorumque
1250 1389 1307 1434 su·

213 1471 327 1536 dorem
350 1473 483 1538 noluere
502 1473 569 1538 visi
593 1479 725 1552 sunt3m
741 1472 928 1556 junctaque
950 1471 1033 1536 fonti
1057 1471 1148 1538 redes
1170 1481 1309 1537 eorumn

212 1575 336 1640 nullius
350 1576 519 1642 bominum
532 1595 635 1640 mann
648 1583 796 1640 reserata
809 1577 944 1658 patulis

256 1677 287 1740 2.
310 1677 382 1742 Sed
404 1685 442 1744 ut
464 1686 650 1744 ceterorum
671 1697 808 1762 qnoque
834 1678 981 1744 Deorum
1003 1695 1209 1761 propensam
1228 1674 1311 1740 linio

669 1875 852 1896 “mn

216 2002 299 2054 edidit
309 2005 489 2058 veratium-o
505 2009 578 2057 llum
599 2007 697 2057 Brund.
716 2021 732 2055 a
749 2021 783 2056 ru.
803 2021 842 2068 pr.
865 2019 923 2056 cum
943 2005 1032 2068 paucis
1051 2003 1117 2065 aliie,
1131 2003 1270 2063 inridenter,
1285 2007 1314 2051 ut

217 2069 300 2118 edidit
311 2069 432 2134 Pighius:
450 2073 516 2120 alter
527 2071 626 2122 Brund.
639 2085 698 2120 cunr
718 2070 906 2132 septemdecim
923 2069 978 2118 eliis
996 2077 1024 2117 et
1042 2068 1102 2117 edd.
1119 2070 1234 2116 omnibus
1254 2074 1315 2116 ante

217 2124 348 2194 Pighinm,
364 2136 551 2185 residentes-o
568 2136 693 2184 Nonnulli
703 2135 779 2184 codd.
792 2141 861 2182 teste
870 2133 984 2191 Venno,
1001 2132 1042 2195 oui
1059 2136 1229 2194 processeram
1247 2130 1314 2195 quud

218 2196 438 2254 Pighiusnotarit
450 2201 475 2248 in
492 2201 625 2263 margine:
643 2200 693 2248 boe
711 2207 797 2248 temen
815 2211 864 2246 nec
885 2205 995 2260 apparet
1015 2198 1039 2244 in
1058 2195 1119 2243 edd.
1138 2201 1203 2244 vett.
1222 2207 1270 2242 nec
1289 2193 1315 2242 in

218 2260 294 2310 codd.
314 2263 488 2312 Torreniunic.
520 2263 584 2312 Mox
605 2264 705 2312 Petrum
722 2277 802 2322 regem
823 2261 849 2308 in
871 2261 945 2322 Meg.
965 2267 993 2308 et
1016 2258 1161 2322 quindecim
1189 2258 1316 2306 codd-r

214 2323 326 2386 Pighius
337 2327 410 2388 legit,
426 2325 596 2386 conjectured,
613 2333 640 2374 et
653 2333 713 2388 post
724 2331 770 2382 ert,
786 2324 854 2389 quod
867 2330 942 2373 ebert
960 2324 992 2372 cb
1012 2321 1130 2372 omnibus
1148 2321 1225 2371 codd.
1245 2319 1318 2382 pouit

218 2389 313 2438 τελείαν
332 2390 443 2450 urqplp·
463 2393 499 2438 ite
517 2403 619 2454 qnoque
636 2389 749 2452 Thyrius
769 2395 796 2437 et
814 2389 959 2451 velpa—s
976 2385 1043 2438 Edd.
1060 2387 1140 2449 antiq.
1162 2387 1224 2449 opud
1243 2386 1318 2434 loram

220 2451 348 2500 Jutrrrnoe:
369 2455 486 2502 nonnulli
504 2454 612 2512 lrabent,
632 2453 766 2501 Mirtum
774 2469 784 2510 ‚·
807 2451 861 2514 alii,
883 2453 998 2502 Viturnoe.
1032 2451 1096 2500 Mox
1118 2449 1177 2499 cod.
1195 2450 1315 2498 Perizon.

222 2515 313 2565 Leidd.
325 2521 348 2566 ².
360 2523 385 2566 5.
395 2523 419 2566 e.
432 2517 506 2568 Harl.
525 2517 617 2566 libem.
630 2521 653 2565 l.
666 2521 691 2566 2.
704 2519 728 2564 a.
747 2523 775 2564 et
791 2515 885 2579 Ultraj.
898 2521 921 2564 1.
938 2515 1066 2575 abluentes,
1085 2523 1113 2564 ut
1124 2514 1192 2577 apud
1207 2515 1318 2562 Lactan-

221 2579 303 2641 tinm;
320 2582 395 2632 etsie
408 2582 481 2632 Leid.
492 2586 517 2631 7.
528 2589 556 2631 et
569 2581 663 2644 Ultrrj.
675 2585 701 2630 π.
712 2595 727 2630 ι
737 2588 771 2630 m.
782 2594 821 2644 pr.
833 2580 859 2628 in
871 2581 963 2646 quibus
971 2586 1116 2629 correctum
1128 2585 1177 2628 eet.
1211 2576 1285 2628 Leid.
1294 2579 1319 2625 τ.

704 2741 813 2793 NOTAE

223 2892 378 2956 Aborigines
389 2893 454 2942 urbe
471 2907 517 2942 suu
528 2893 595 2958 pulei
607 2907 635 2942 se
646 2905 752 2956 recepe·
793 2897 902 2956 propter
931 2906 946 2941 e
969 2893 1042 2941 fonte
1071 2891 1235 2950 Numiciauo,
1255 2905 1321 2940 ¹eum

223 2976 294 3030 runt,
306 2983 338 3017 ex
351 2969 460 3031 Dionys.
473 2969 517 3018 lib.
527 2983 545 3018 r.
570 2969 676 3018 Dicitur
688 2983 752 3031 prae·
793 2967 885 3030 egroti
911 2967 942 3015 nd
968 2965 1070 3016 morbos
1100 2965 1243 3028 pellendos,
1267 2975 1322 3014 tum

224 3043 327 3094 iectura
349 3043 474 3104 Reatinum
492 3045 609 3109 quedam
628 3045 694 3092 enim
707 3044 753 3094 tris
794 3041 863 3090 eires
874 3055 961 3090 omnen
975 3041 1006 3089 ad
1024 3038 1149 3088 sacrificia
1169 3052 1260 3102 aquam
1279 3051 1325 3100 pe·

225 3119 385 3182 temporibus
403 3127 478 3168 erant
496 3121 602 3184 oppida,
619 3127 647 3168 ut
660 3119 754 3183 Fundi,
795 3126 852 3168 tere
864 3126 1062 3168 consueverant.

226 3192 756 3258 Fannia,Anagnia,&e.qnibnaal²ne·
827 3199 845 3225 ²¹
870 3193 983 3248 Sudorem
1007 3194 1100 3242 olduere
1121 3193 1167 3242 riri
1187 3189 1255 3254 sunt]
1281 3189 1323 3240 Ad

225 3267 298 3317 secto
313 3267 422 3317 Urbano
440 3267 558 3331 praefecti
575 3269 672 3332 imponi
689 3269 755 3318 sole·
796 3265 942 3318 Posthumii
955 3269 1088 3318 victoriam
1101 3267 1126 3318 id
1137 3267 1218 3318 refert
1228 3267 1325 3332 Diony·

226 3342 297 3392 bant.
505 3405 513 3416 .
796 3343 865 3406 siua3
881 3345 907 3394 in
928 3359 960 3394 eo
979 3351 1064 3394 tamen
1077 3360 1091 3392 a
1102 3345 1207 3394 Valerio
1226 3343 1325 3392 dissen-

259 3415 367 3468 lPerren
376 3417 478 3481 Regem]
489 3417 532 3468 De
542 3419 623 3468 Perre
634 3424 661 3468 et
674 3419 755 3468 Paulo
796 3420 838 3476 tit.
855 3420 924 3484 qnod
942 3435 992 3470 non
1013 3421 1038 3469 in
1058 3420 1258 3476 lacrimatue,
1277 3417 1323 3466 red

229 3499 330 3558 postea.
796 3496 822 3542 in
848 3491 920 3544 sonte
950 3503 1059 3557 propter
1080 3495 1171 3544 Vertae
1201 3491 1325 3553 templum

260 3567 271 3603 l
291 3570 418 3619 Vacutioae
437 3571 538 3619 dmutue
558 3569 607 3633 est]
632 3569 756 3619 Immonis
796 3581 876 3632 equor
888 3569 999 3618 abluisse
1012 3571 1081 3618 velit.

227 3643 276 3695 retr
288 3646 322 3695 ab
333 3645 401 3694 omni
412 3645 518 3709 publico
529 3657 644 3694 munere.
863 3651 939 3699 AEdee
960 3647 1050 3711 eorum]
1076 3647 1108 3696 ln
1132 3645 1235 3709 regione
1258 3641 1327 3693 Circi

263 3720 320 3771 'Ad
331 3721 540 3784 luermduturnoe]
551 3721 657 3782 Duplex
666 3720 757 3771 dutur·
798 3725 928 3787 Flaminii,
946 3740 977 3772 ex
998 3725 1029 3773 P.
1046 3723 1173 3772 Victore:
1191 3721 1216 3770 in
1229 3721 1328 3782 Campo

230 3811 269 3846 ue.
280 3797 365 3857 lacum
382 3797 448 3845 nltrr
463 3804 537 3845 extra
555 3796 643 3845 urbem
656 3796 688 3844 ad
703 3797 756 3845 Nn·
799 3801 908 3863 Martio,
925 3816 958 3850 ex
971 3800 1080 3850 Ouidio:
1099 3800 1124 3847 iu
1141 3798 1207 3854 foro,
1218 3811 1251 3845 ex
1262 3796 1329 3856 aliie,

229 3875 323 3923 micam
335 3870 450 3931 durium,
467 3887 534 3921 nuno
545 3871 612 3932 Lego
623 3871 650 3920 di
664 3871 757 3920 Vultur·
798 3879 843 3926 trus
863 3879 933 3926 ardea
951 3875 1081 3925 exstruxit
1100 3873 1131 3923 Α.
1143 3871 1327 3931 Postumium

229 3967 277 4009 ror
301 3951 369 4000 ruer
390 3949 415 3998 tn
436 3949 501 3997 urbe
521 3948 590 4011 apud
614 3945 707 4005 forum,
725 3959 758 3994 ex
798 3952 879 4014 ipsius
897 3951 963 4000 nitur
985 3949 1133 4009 deuterum
1157 3949 1186 3998 1..
1206 3948 1329 3997 Menum

231 4027 340 4089 Dionys.
363 4021 758 4082 JuturnaDannitilia,et'l'nrni
801 4027 963 4078 Delmaticae
975 4027 1075 4076 ornavit
1095 4039 1127 4076 ex
1147 4025 1258 4075 boatium
1278 4039 1331 4075 nra.

232 4102 409 4164 secundiore
420 4097 641 4150 Nnnricifluminia
650 4096 760 4160 nympha
799 4101 894 4162 nubile,
910 4109 940 4152 nt
952 4109 1092 4151 auctorest
1105 4100 1242 4151 Asconius.

232 4175 507 4238 consecretalingitur.
541 4172 695 4238 Ajnvando
713 4173 760 4224 Ju·
833 4175 1052 4227 tremesco.
1084 4177 1128 4226 01.
1140 4181 1196 4227 loti.
1210 4181 1233 4226 1.
1267 4177 1331 4226 Urb.

233 4260 335 4302 turnum
354 4253 449 4302 dictam
470 4250 561 4301 scribit
581 4251 679 4311 νικος
698 4263 760 4313 qua·
802 4254 831 4304 c.
843 4257 899 4303 css.
929 4254 989 4304 Ant.
1002 4253 1050 4304 ch.
1063 4257 1117 4303 lot.
