3056 4892
261 427 343 474 car.
360 426 413 482 ιιι.
439 425 487 477 nn
511 407 765 478 absurunurra
791 429 836 476 ar
860 429 1133 478 conuiuarum.
1174 417 1239 488 451
1286 397 1288 402 ¹

150 569 314 647 Ceterum,
337 589 414 634 cum
441 577 476 634 et
499 571 611 650 magni
633 571 741 654 pretii,
764 580 798 636 ct
811 575 896 638 varii
919 577 1056 656 generis,
1078 597 1099 640 a
1122 579 1239 662 legatis

151 671 233 753 ejus,
248 679 318 734 tam
331 671 472 734 virorum
489 690 587 752 quam
603 671 812 736 foeminarum
824 680 902 756 apta
913 677 992 740 usui
1002 698 1140 744 munera
1150 683 1241 746 circa

152 771 268 834 domos
297 770 466 847 ferrentur,
494 771 588 834 nulla
617 773 777 854 cuiquam
806 775 957 838 dono⁵³·
986 777 1094 860 janua
1121 783 1240 865 patuit.

152 869 404 952 'latentiumque
418 871 607 952 petulantiae
623 873 793 936 animosus
807 875 913 956 magis
933 897 1034 959 qnam
1047 879 1164 944 efficax
1186 882 1243 946 de·

153 979 275 1052 sanson,
296 975 386 1039 haud
408 976 481 1039 scio
500 975 624 1072 majore
645 995 722 1040 cum
744 977 852 1058 gloria
865 978 962 1062 hujus
976 981 1068 1044 urbis
1083 983 1241 1062 moribus,

154 1097 196 1142 an
217 1077 317 1140 armis
329 1083 357 1124 ⁵4
379 1076 536 1158 repulsus
559 1075 635 1141 sitr
678 1076 718 1140 In
733 1076 795 1140 illa
816 1095 948 1160 quoque
962 1080 1120 1161 procella,
1142 1100 1244 1163 quam

154 1176 195 1241 G.
206 1176 333 1240 Marius
344 1181 378 1240 et
391 1176 431 1239 L.
441 1173 547 1238 Cinna
560 1177 687 1258 reipub.
703 1176 901 1254 inflixerant,
916 1180 1117 1244 abstinentia
1129 1182 1245 1263 populi

156 1276 302 1342 Romani
326 1275 502 1340 mirifica⁵⁵
530 1285 716 1360 conspecta
736 1285 798 1341 est.
843 1278 934 1342 Nam
960 1299 1037 1344 cum
1064 1300 1085 1345 a
1110 1301 1145 1345 ac
1166 1300 1245 1364 pro·

156 1377 356 1460 scriptorum
365 1373 616 1460 penatcs'vulgi
624 1379 776 1440 manibus
792 1377 996 1461 diripiendos
1006 1379 1247 1464 objecissent,⁵⁶

155 1479 296 1542 inveniri
317 1478 430 1560 potuit
451 1497 558 1555 nemo,
588 1479 646 1561 qui
669 1477 760 1542 civili
782 1479 875 1542 luctu
889 1485 915 1528 ⁵⁷
937 1479 1083 1561 praedam
1105 1488 1245 1564 peteret.

155 1579 252 1644 Unus
266 1581 352 1642 enim
365 1579 508 1661 quisque
522 1597 559 1641 se
575 1579 618 1642 ab
632 1577 685 1641 his
699 1576 834 1660 perinde
849 1596 890 1642 ac
901 1578 925 1625 ⁵⁸
948 1598 969 1643 a
989 1581 1093 1644 sacris
1116 1581 1247 1646 aedibua

155 1681 326 1744 abstinuit.
371 1677 459 1756 Quae
475 1678 608 1761 quidem
622 1683 693 1742 tam
706 1677 892 1742 misericors
918 1680 1119 1746 continentia
1139 1682 1248 1765 plebia

160 1783 298 1846 tacitum
317 1779 500 1844 crudelium
513 1778 677 1843 victorum
690 1777 877 1842 convicium
889 1777 965 1842 suit.
976 1793 991 1822 ·

619 1951 797 1972 ”eamme

162 2070 281 2120 undecim
300 2066 375 2118 codd.
392 2072 421 2116 et
438 2065 499 2116 edd.
521 2065 602 2130 antiq.
629 2065 674 2116 alii
691 2065 766 2115 codd.
787 2081 844 2116 cum
852 2067 915 2118 Vct.
933 2069 1162 2120 cantabra-ea
1179 2069 1250 2125 Non·

162 2136 225 2184 ιιιιΙΙί
248 2132 324 2184 codd.
346 2132 454 2180 Torren.
476 2129 571 2178 babent
591 2132 668 2193 domo,
692 2138 721 2178 ut
743 2129 814 2179 dedit
833 2130 1011 2181 colerae-54
1031 2135 1091 2182 ‘Sic
1116 2147 1149 2182 cx
1171 2134 1252 2186 Barb.

163 2199 237 2262 prim.
259 2199 351 2258 Copee.
374 2195 448 2243 Laid.
469 2195 551 2258 quint.
572 2200 599 2242 et
620 2194 687 2242 Uitr.
712 2193 785 2304 grim.
811 2194 885 2242 dedit
905 2195 1061 2257 Temenion
1086 2211 1144 2246 cum
1169 2197 1252 2247 ceteri

163 2263 229 2311 Mae.
240 2269 266 2310 ct
278 2260 353 2322 editi,
370 2259 461 2322 quibua
473 2259 537 2307 Vet.
551 2257 665 2316 accedit,
681 2257 714 2304 ba
732 2264 786 2320 ent,
800 2257 862 2306 baud
880 2259 928 2306 erin
942 2275 1062 2322 ...qaam
1078 2262 1167 2319 eratin
1183 2261 1254 2326 quod

164 2319 1184 2452 {restitit:llllt'l‘tltlitttttztll‘illatdftltt
1200 2323 1254 2436 lu

165 2451 238 2500 donia
250 2467 277 2500 ee
288 2449 418 2512 corrumpi
435 2449 501 2507 penei
518 2463 568 2498 non
587 2456 657 2509 eunt,
673 2464 747 2511 quam
767 2449 835 2512 quod
854 2463 912 2498 eum
931 2451 1007 2500 armis
1023 2403 1156 2500 vidaduut!
1172 2403 1254 2515 dap.

165 2516 217 2565 Pro
228 2515 301 2563 oraria
313 2513 425 2562 nonnulli
435 2513 541 2560 Torren.
554 2511 651 2561 babent
662 2513 793 2562 bella-55
810 2514 881 2561 Unue
894 2513 983 2562 Rhem.
1000 2513 1071 2577 Reip.
1082 2514 1254 2579 mirifica-56

166 2579 210 2628 Ita
226 2580 331 2642 Pigbioe
351 2591 399 2641 pro
418 2577 486 2633 vola.
505 2575 648 2636 ddeciaoeut,
664 2582 692 2624 at
709 2578 874 2626 consentiunt
891 2577 967 2626 codd.
986 2591 1044 2626 cum
1063 2578 1121 2626 edd.
1140 2578 1255 2641 antiq.-

166 2647 198 2692 67
217 2643 259 2690 Sic
278 2641 335 2690 fere
353 2653 441 2689 omnen
458 2639 523 2689 Mae.
542 2640 640 2687 etvet.
652 2640 768 2702 altaeque.
801 2640 907 2700 Pighius
926 2654 959 2688 ex
978 2641 1063 2690 Pulm.
1086 2647 1113 2690 et
1133 2641 1222 2704 Canrp.
1241 2656 1254 2691 e

166 2706 232 2755 cicili
244 2706 349 2766 jactare,
365 2718 439 2766 quem
462 2702 545 2751 eeeuti
566 2708 625 2750 eunt
644 2702 750 2750 Coierue
770 2703 937 2752 etVoretina.
970 2702 1007 2752 At
1025 2705 1162 2754 Torreniur
1182 2719 1254 2753 revo-

167 2771 237 2819 cavit
251 2769 317 2818 cicili
334 2770 408 2828 beta,
425 2767 442 2814 i.
454 2779 479 2814 e.
498 2765 559 2814 dnm
578 2765 669 2814 ciritae
687 2766 713 2814 in
730 2766 801 2814 luctu
823 2775 873 2828 eet,
888 2773 1004 2830 tempore
1024 2768 1107 2818 civilia
1126 2769 1255 2820 luctor.-

661 2907 767 2958 Nom

170 3018 511 3086 tiroegratieremlttardoe.
534 3019 694 3082 cynareaen-
735 3033 793 3069 uem
805 3019 955 3070 firmandam
975 3020 1059 3083 putari
1078 3020 1173 3082 debet;
1189 3022 1257 3085 qnod

171 3100 279 3150 tentiam
299 3103 404 3146 recntne
423 3094 538 3159 Pyrrhae
554 3095 626 3144 illum
645 3095 695 3143 Ro·
735 3103 841 3146 anctore
851 3097 949 3158 Cynea,
964 3097 990 3145 id
1003 3097 1069 3145 enim
1086 3097 1155 3159 apud
1171 3112 1259 3148 omnes

171 3191 240 3226 nram
252 3173 330 3223 mieit.
736 3179 856 3222 auctores
867 3173 953 3233 legera
961 3179 1010 3234 eet,
1022 3171 1077 3236 jam
1088 3173 1198 3222 Senatus
1209 3187 1261 3222 om·

203 3255 215 3282 ⁸
239 3249 314 3298 Nullo
340 3248 447 3310 ιιιίςιιιιιι
474 3241 546 3308 deno]
572 3245 696 3298 Quamvis
736 3247 988 3310 nieadpacemcum
1000 3247 1101 3308 Pyrrho
1115 3245 1259 3298 faciendam

172 3323 242 3374 idem
254 3322 329 3382 Cato,
340 3323 433 3382 Varro,
444 3321 543 3382 Florae,
554 3319 626 3369 Plnt.
637 3321 696 3372 Jne·
737 3323 924 3389 propendebat,
942 3323 990 3371 nial
1001 3321 1111 3385 Appiae,
1130 3328 1157 3371 et
1172 3337 1260 3386 tenax,

173 3400 222 3450 tin.
239 3397 335 3462 aliique
350 3395 406 3445 lere
423 3407 511 3444 carnee
530 3395 696 3456 ecriprarint;
737 3406 764 3448 et
774 3411 873 3456 caecuu
885 3396 995 3459 ideoque
1005 3411 1136 3446 munerum
1146 3405 1261 3447 contern-

174 3475 284 3524 Zonarar
304 3481 391 3522 tamen
410 3479 438 3520 at
456 3471 500 3520 nni
518 3477 546 3520 ct
563 3471 698 3520 recentiori
739 3481 846 3522 tuream
857 3471 1039 3522 disturbasset.

173 3548 529 3613 egoiibentineaeeeuearim,
545 3561 561 3596 a
579 3560 630 3610 qno
647 3555 699 3594 nra·
772 3547 899 3606 2An.ltl.
911 3551 985 3597 6176.
1013 3547 1057 3598 01.
1073 3551 1168 3598 1261.
1195 3546 1261 3600 vrb.

175 3627 264 3676 moriar
281 3623 413 3688 proditum
429 3629 469 3672 eet
483 3621 596 3684 Cyneum
610 3629 700 3684 poten·
740 3623 769 3674 C.
781 3627 837 3672 ara.
865 3621 927 3672 Ant.
938 3623 985 3671 Cb.
996 3625 1053 3670 676.

175 3701 288 3750 tiaeimae
306 3711 421 3762 qrroequa
439 3697 586 3746 muneribus
598 3697 700 3760 Pyrrlro
771 3695 985 3759 ‘Proscriptorum
1001 3695 1108 3758 preater]
1129 3696 1186 3746 Qua
1205 3709 1262 3744 cru·

175 3775 277 3838 albique
288 3773 453 3822 conciliarier
470 3770 520 3819 rau
533 3772 634 3833 quidem
646 3773 700 3820 laur
740 3769 849 3820 delirare
867 3771 893 3818 in
909 3771 1003 3819 civium
1021 3771 1133 3818 omnium
1147 3769 1264 3819 vitamet

176 3849 222 3900 illa
233 3851 386 3912 legatorum,
400 3861 452 3895 ιιοιι
463 3848 551 3910 populi
562 3855 648 3896 tamen
662 3855 699 3898 to·
740 3847 839 3896 Mariua
857 3852 885 3894 et
904 3846 975 3908 Sylla
996 3845 1105 3908 grassati
1126 3843 1187 3906 rint,
1207 3845 1263 3908 jam

178 3927 237 3975 tine.
270 3923 335 3976 Qut·
352 3923 420 3971 enim
440 3921 531 3971 credet
548 3935 636 3971 omnee
649 3923 701 3972 Ro·
742 3919 857 3983 pluribus
868 3920 893 3967 in
905 3919 969 3968 locie
980 3921 1157 3983 explicuimur.

176 4011 227 4057 tuae
239 4005 284 4048 ant
295 3996 427 4048 Fabricios
438 3994 526 4058 iniere,
541 3997 701 4048 autcarius?
775 3992 856 4042 'Am
867 3993 906 4042 Μ.
919 3997 992 4042 6667.
1020 3994 1063 4042 01.
1075 3997 1130 4043 176.
1141 3998 1166 4044 6.
1198 3992 1263 4044 Urb.

176 4088 226 4126 aee
236 4077 293 4124 lete
301 4079 480 4140 argumentum
490 4073 524 4124 ad
533 4073 597 4124 banc
605 4074 703 4137 opinio·
743 4068 773 4119 0·
784 4072 840 4116 666.
868 4065 930 4116 Aut.
942 4067 990 4116 cb.
1002 4070 1041 4118 66.
