3100 4898
414 383 495 434 err.
513 383 590 432 vrn.
616 381 781 432 urruns
805 383 1088 434 nnruurnrnnr.
1230 369 1295 438 ³⁰3

202 543 306 592 sonas
321 530 355 590 et
369 533 478 594 notum
492 533 526 591 et
547 545 728 592 excussum
754 533 816 591 est.
861 525 901 591 G.
917 526 1073 592 Lutatius
1096 528 1238 592 oonsul⁸
1259 535 1297 593 et

204 625 247 704 Q.
276 627 435 692 Valerius
464 629 595 694 Praetor
621 629 711 694 cirea
741 629 891 694 Siciliam
921 630 1082 711 insignem
1112 629 1297 694 Poenorum

204 729 369 794 classem¹
391 729 601 794 deleverant:
625 749 693 814 quo
721 731 856 793 nomine
872 731 1009 794 Lutatio
1032 731 1163 794 consuli
1182 732 1297 796 trium·

202 829 304 913 phuni
320 838 456 894 senatus
472 829 645 895 decrevit*
690 831 776 896 Cum
800 837 911 895 autem
933 828 1110 895 Valerius¹¹
1133 831 1199 896 sibi
1221 851 1297 896 eum

203 949 339 1013 quoque
354 931 486 996 decerni
500 931 711 1010 desideraret,
726 933 857 1014 negavit
879 933 915 996 id
939 931 1009 996 fieri
1030 939 1182 1014 oportere
1196 932 1298 998 Luta·

203 1031 283 1109 tius,
297 1052 341 1096 ne
356 1032 390 1096 in
404 1033 530 1098 honore
546 1034 704 1117 triumphi
725 1035 833 1098 minor
848 1039 998 1116 potestas
1013 1032 1133 1116 mojori
1147 1053 1299 1116 oequore·

202 1133 275 1196 tur!
334 1133 612 1216 Pertinaciusque
650 1153 829 1218 progressa
868 1135 1092 1212 contentione,
1138 1133 1297 1202 Valerius

203 1234 383 1316 sponsione
399 1235 568 1300 Lutatium
583 1237 783 1318 provocavit
794 1248 825 1300 ι*
847 1237 917 1300 ‘Ni
941 1255 1004 1300 suo
1028 1235 1132 1300 ductu
1148 1235 1299 1302 Punieaa

204 1335 324 1398 classis
339 1343 429 1400 esset
448 1337 633 1420 oppressa!
676 1337 752 1402 Neo
777 1338 944 1402 dubitavit
968 1333 1177 1418 restipulari*
1197 1337 1299 1404 Luta·

203 1435 295 1499 tius.d
340 1437 458 1521 Itaque
468 1437 575 1521 judex
590 1439 675 1502 iuter
693 1458 754 1502 eos
778 1440 933 1504 convenit
947 1437 1075 1502 Atilius
1091 1436 1263 1502 Calatinus
1273 1435 1300 1519 μ’

204 1537 295 1619 apud
309 1556 408 1620 quern
422 1537 579 1602 Valerius
604 1539 638 1602 in
661 1539 749 1602 huno
772 1539 910 1603 modum
925 1539 1014 1621 egit;
1038 1539 1233 1602 ‘consulem
1258 1559 1300 1605 eo

204 1657 317 1721 pugna
330 1639 364 1701 in
378 1638 500 1703 lectica
514 1639 674 1704 claudum
694 1639 861 1722 jacuisse,
889 1660 927 1704 se
940 1647 1054 1704 autem
1070 1640 1224 1704 omnibus
1239 1642 1300 1706 im·

204 1740 379 1823 peratoriis
392 1741 542 1822 partibus
557 1739 729 1807 iunctum!
772 1741 868 1805 Tunc
893 1739 1080 1818 Calatinns,
1104 1741 1300 1824 prinsquam

205 1841 364 1906 Lutatius
373 1859 510 1905 oausam
525 1861 619 1906 suam
632 1841 817 1906 ordiretur:
833 1840 1002 1920 ‘Quaero'
1017 1842 1138 1924 inquit,
1154 1841 1301 1920 ‘Valeri

206 1949 292 2018 ate,
316 1942 357 2019 si,
382 1942 610 2007 dimicandum
636 1962 741 2006 neone
767 1949 901 2020 esset,¹⁰
922 1943 1099 2008 contrariis
1123 1944 1212 2007 inter
1240 1962 1302 2008 vos

206 2043 375 2107 sententiis
389 2042 641 2120 dissedissetis⁶
655 2047 765 2106 utrum
778 2042 868 2125 quod
881 2041 1008 2120 consul,
1019 2061 1063 2106 an
1076 2042 1166 2125 quod
1178 2047 1302 2125 praetor

237 2223 248 2256 ⁶
264 2226 303 2274 Ne
312 2226 338 2275 ia
346 2227 431 2276 honore
442 2227 555 2288 triumphi
564 2227 641 2276 minor
650 2231 753 2290 potense
765 2227 887 2276 Proetorin
895 2233 1027 2290 noueram
1037 2225 1121 2287 majori
1131 2226 1264 2276 Geroniani.

237 2297 248 2322 θ
269 2291 373 2339 Valerius
380 2291 514 2354 promousit
524 2291 648 2338 Lutatium
659 2289 801 2352 depositione
806 2291 918 2354 pecunias.

238 2351 251 2385 ⁶
269 2353 321 2402 Nee
331 2355 449 2404 dubitauit
460 2354 573 2402 Lutatius
578 2355 703 2416 meusim
713 2354 785 2403 etiam
795 2357 916 2416 depones

240 2415 294 2529 ‘ddi
304 2432 344 2466 nos
360 2417 450 2516 soriam
459 2417 599 2467 Ιιαὺυίειιιίε
613 2418 764 2481 sententiam,
780 2433 811 2468 aa
822 2433 874 2468 cunr
889 2419 994 2470 hostibus
1010 2419 1121 2484 pralium
1131 2422 1189 2468 seret
1200 2417 1304 2468 conmit-

206 2484 246 2529 ten
263 2495 311 2542 um,
321 2495 407 2531 necne.

629 2577 632 2586 ,
663 2559 846 2582 omnum

206 2641 287 2692 urbesu
305 2643 441 2694 intrarunt.
474 2643 551 2694 Heri.
569 2658 623 2693 rere
642 2643 672 2692 ni
690 2644 737 2693 iis:
752 2644 847 2707 Uitrsj.
865 2659 919 2694 rere
935 2645 964 2694 nd
980 2645 1082 2694 iiia-8
1100 2644 1193 2707 eopse.
1217 2643 1306 2692 Consul

207 2707 320 2757 batuto
331 2707 448 2766 Catulum
464 2707 537 2756 Heri.
560 2711 658 2757 Cntrdus
677 2709 820 2767 Lutatium
837 2709 911 2759 Vosu.
934 2709 1046 2758 Claudius
1056 2709 1181 2758 mintius
1187 2722 1199 2767 ,⁴
1213 2707 1305 2758 Leidd.

207 2777 232 2821 d.
244 2774 269 2819 7.
283 2773 316 2820 G.
324 2771 449 2821 Luetotius
461 2772 561 2821 Catulus
572 2773 626 2821 Cor.
644 2773 854 2822 Bitur.1.ucntius
869 2774 947 2821 annui
959 2774 1073 2830 Catulum
1090 2773 1198 2822 Veneti.
1217 2771 1305 2821 Lucin-

207 2837 256 2885 tius
263 2837 355 2884 marui.-
373 2850 432 2884 cum
444 2835 517 2884 Leid.
528 2841 553 2885 6.
565 2839 686 2886 convenit
698 2837 770 2898 Meg.
800 2836 868 2885 Vide
878 2851 942 2901 quos
960 2837 1024 2886 eitut
1034 2836 1132 2886 Duker.
1145 2837 1178 2884 ud
1190 2837 1260 2886 Fior.
1273 2848 1305 2884 rr.

207 2903 232 2948 2.
244 2903 334 2948 aue-9
353 2899 387 2947 Ni
397 2913 438 2948 suo
448 2901 519 2948 ductu
531 2900 629 2949 Poeairn
639 2901 665 2948 in
677 2902 769 2963 camp.
802 2901 810 2928 ‘
821 2901 882 2948 Vct.
896 2907 925 2948 et
936 2899 1005 2963 Lips-
1015 2914 1074 2949 enm
1085 2898 1230 2950 octodecim
1239 2899 1305 2948 Mes.

210 2964 267 3012 Nost
277 2977 303 3010 se
312 2963 441 3025 petiturum
451 2964 605 3028 triuumphum,
620 2965 669 3012 nisi
678 2979 729 3024 sun,
743 2967 783 3028 dr.
815 2963 867 3013 Sed
878 2963 975 3012 verbu:
992 2979 1037 3012 uos
1052 2979 1074 3012 u.
1093 2979 1118 3027 p.
1137 2962 1307 3025 mnndum

208 3027 324 3089 margine
336 3027 362 3074 iu
374 3033 474 3075 testum
485 3027 618 3090 irrepsisse
630 3026 759 3076 videntur.
784 3026 850 3075 Num
864 3033 966 3075 retustu
973 3027 1119 3089 sponsionis
1129 3024 1241 3075 formulu
1251 3032 1306 3075 est:

213 3090 296 3139 Nisuo
307 3089 450 3151 ductu,tfe.'
465 3091 552 3154 Kupp.
586 3092 673 3140 Verbu
691 3098 814 3154 suspectu
833 3089 928 3138 ubsunt
945 3090 1024 3138 etism
1043 3103 1059 3139 ι
1076 3089 1173 3139 Brund.
1193 3095 1216 3140 l.
1236 3093 1260 3139 2.
1278 3095 1307 3138 st

210 3153 572 3206 muitis'l'orren.in1.eid.i.
592 3155 706 3219 ascripta
724 3160 784 3202 sunt
803 3155 828 3202 iu
847 3168 929 3217 marg.
949 3152 982 3203 ub
1001 3154 1034 3202 ut.
1052 3167 1086 3202 ur.
1105 3152 1185 3203 Aidd.
1203 3153 1306 3216 thph.

210 3217 293 3267 Colin.
306 3217 393 3268 Chalc.
407 3217 518 3282 Herbip.
530 3225 557 3269 et
568 3219 659 3284 steph.
672 3219 838 3268 consentiunt
849 3231 907 3267 eum
917 3218 977 3268 Vet.
988 3224 1016 3268 et
1026 3217 1163 3282 [ripn-1⁰
1174 3217 1266 3283 (iopes.
1279 3224 1308 3266 et

705 3347 813 3400 NOTAE

243 3443 395 3504 treugam
416 3443 543 3492 Puerorum
564 3443 672 3508 cinerem]
697 3445 740 3494 De
782 3444 864 3508 stipe;
883 3458 964 3508 genus
985 3449 1043 3494 erat
1066 3442 1194 3508 quoddam
1213 3441 1308 3490 numis-

211 3517 305 3568 Cutuio
316 3517 422 3582 ejusque
434 3518 546 3568 victoris
557 3519 654 3582 egimus
667 3517 710 3570 lib.
719 3531 739 3568 1.
780 3520 872 3580 mstin3
898 3521 965 3584 stips
985 3535 1048 3570 vero
1067 3535 1082 3570 a
1102 3519 1182 3570 verbo
1200 3520 1309 3582 stipare,

211 3613 233 3650 c.
244 3603 268 3648 8.
286 3613 311 3648 n.
323 3601 348 3647 l.
780 3594 850 3660 quod
860 3594 929 3644 idem
942 3595 1021 3657 velet,
1039 3609 1069 3644 ae
1082 3594 1205 3644 inlocum
1217 3608 1310 3658 ungus-

245 3673 260 3702 '
277 3672 327 3723 An.
341 3673 380 3723 Μ.
391 3675 465 3722 881³.
497 3671 542 3722 01.
554 3675 645 3722 litt.
674 3671 739 3722 Urb.
780 3679 835 3720 tum
853 3671 1309 3736 qussioendensare:necenimve·

213 3749 312 3800 0512.
340 3746 515 3800 Annum.
780 3752 849 3796 teres
871 3745 1007 3808 pecuniam
1026 3753 1072 3795 unt
1093 3759 1238 3807 numerare,
1264 3751 1310 3796 ant

244 3823 256 3858 i
275 3825 391 3889 Vnkriu]
407 3825 485 3878 Falco
496 3839 529 3873 ex
538 3824 690 3876 Leuinotnnr
704 3823 740 3874 fn·
780 3822 806 3870 in
817 3821 908 3872 loculis
919 3835 1032 3882 servare,
1048 3819 1093 3870 sed
1105 3829 1132 3870 et
1145 3819 1267 3884 pendere,
1282 3825 1310 3868 et

213 3903 293 3966 milia,
316 3902 362 3968 qni
384 3902 480 3953 Consul
503 3898 553 3950 init
573 3916 641 3952 suno
662 3901 741 3950 Urbis
780 3897 807 3946 in
818 3897 944 3946 messoris
956 3911 1082 3960 reponere
1094 3896 1219 3948 soiebunt.

213 3985 271 4030 514.
812 3969 821 4014 l
835 3972 928 4022 Aturus
941 3972 1077 4034 Calatinus]
1090 3973 1141 4025 Qui
1152 3972 1192 4022 bis
1204 3973 1310 4036 Consul,

246 4052 426 4116 'Restipaiari]
440 4053 499 4104 Hoc
510 4058 550 4102 est
562 4059 654 4104 contra
664 4067 741 4116 spon.
782 4047 862 4098 semel
879 4048 1004 4098 Dictator
1023 4063 1052 4098 re
1069 4055 1160 4098 eontra
1178 4049 1272 4100 Poenos
1283 4049 1309 4098 iu

213 4128 311 4178 sionem
328 4143 343 4176 s
365 4128 468 4178 Valerio
487 4127 582 4178 ineram
606 4128 742 4192 pecuniam
782 4123 1079 4190 Sieiliut‘eticiterssesta
1091 4125 1267 4191 triumpharit.

215 4201 345 4264 obligare:
372 4203 490 4268 stipatur-i
512 4204 580 4254 eninr
601 4203 705 4254 docitur
728 4218 743 4252 a
