<?xml version="1.0" encoding="UTF-8"?>
<!DOCTYPE html PUBLIC "-//W3C//DTD XHTML 1.0 Transitional//EN"
    "http://www.w3.org/TR/xhtml1/DTD/xhtml1-transitional.dtd">
<html xmlns="http://www.w3.org/1999/xhtml" xml:lang="en" lang="en">
 <head>
  <title>
</title>
<meta http-equiv="Content-Type" content="text/html;charset=utf-8" />
  <meta name='ocr-system' content='tesseract 3.04.00' />
  <meta name='ocr-capabilities' content='ocr_page ocr_carea ocr_par ocr_line ocrx_word'/>
</head>
<body>
  <div class='ocr_page' id='page_1' title='image "./factorumdictoru00maxigoog_0020.png"; bbox 0 0 3050 4890; ppageno 0'>
   <div class='ocr_carea' id='block_1_1' title="bbox 642 343 1291 406">
    <p class='ocr_par' dir='ltr' id='par_1_1' title="bbox 642 343 1291 406">
     <span class='ocr_line' id='line_1_1' title="bbox 642 343 1291 406; baseline 0.003 -2"><span class='ocrx_word' id='word_1_1' title='bbox 642 355 850 406; x_wconf 74' lang='lat' dir='ltr'><strong>rnnrnrro.</strong></span> <span class='ocrx_word' id='word_1_2' title='bbox 1269 343 1291 406; x_wconf 83' lang='grc'><strong>7</strong></span> 
     </span>
    </p>
   </div>
   <div class='ocr_carea' id='block_1_2' title="bbox 193 499 1400 4244">
    <p class='ocr_par' dir='ltr' id='par_1_2' title="bbox 193 499 1345 3637">
     <span class='ocr_line' id='line_1_2' title="bbox 196 499 1292 586; baseline 0.002 -20"><span class='ocrx_word' id='word_1_3' title='bbox 196 501 285 566; x_wconf 73' lang='lat' dir='ltr'><strong>‘Eae</strong></span> <span class='ocrx_word' id='word_1_4' title='bbox 311 521 364 566; x_wconf 89' lang='lat' dir='ltr'><strong>me</strong></span> <span class='ocrx_word' id='word_1_5' title='bbox 392 506 551 566; x_wconf 76' lang='lat' dir='ltr'>exercent</span> <span class='ocrx_word' id='word_1_6' title='bbox 578 502 696 584; x_wconf 81' lang='lat' dir='ltr'><strong>magis,</strong></span> <span class='ocrx_word' id='word_1_7' title='bbox 730 521 831 586; x_wconf 88' lang='lat' dir='ltr'><strong>quam</strong></span> <span class='ocrx_word' id='word_1_8' title='bbox 862 500 1038 566; x_wconf 86' lang='lat' dir='ltr'><strong>delectant.</strong></span> <span class='ocrx_word' id='word_1_9' title='bbox 1090 499 1178 566; x_wconf 83' lang='lat' dir='ltr'><strong>Sunt</strong></span> <span class='ocrx_word' id='word_1_10' title='bbox 1202 501 1292 568; x_wconf 89' lang='lat' dir='ltr'><strong>euim</strong></span> 
     </span>
     <span class='ocr_line' id='line_1_3' title="bbox 193 600 1293 688; baseline 0.003 -22"><span class='ocrx_word' id='word_1_11' title='bbox 193 603 361 686; x_wconf 78' lang='lat' dir='ltr'><strong>pleraeque</strong></span> <span class='ocrx_word' id='word_1_12' title='bbox 374 623 487 688; x_wconf 81' lang='lat' dir='ltr'><strong>parvm</strong></span> <span class='ocrx_word' id='word_1_13' title='bbox 502 608 536 668; x_wconf 90' lang='lat' dir='ltr'><strong>et</strong></span> <span class='ocrx_word' id='word_1_14' title='bbox 550 603 669 682; x_wconf 86' lang='lat' dir='ltr'><strong>exiles,</strong></span> <span class='ocrx_word' id='word_1_15' title='bbox 693 623 770 668; x_wconf 91' lang='lat' dir='ltr'><strong>raro</strong></span> <span class='ocrx_word' id='word_1_16' title='bbox 792 600 1132 686; x_wconf 64' lang='lat' dir='ltr'><strong>incidit-insignis!</strong></span> <span class='ocrx_word' id='word_1_17' title='bbox 1168 603 1293 684; x_wconf 84' lang='lat' dir='ltr'><strong>Quare,</strong></span> 
     </span>
     <span class='ocr_line' id='line_1_4' title="bbox 194 703 1294 791; baseline 0.002 -23"><span class='ocrx_word' id='word_1_18' title='bbox 194 703 278 768; x_wconf 91' lang='lat' dir='ltr'><strong>licet</strong></span> <span class='ocrx_word' id='word_1_19' title='bbox 298 707 357 770; x_wconf 83' lang='lat' dir='ltr'><strong>rix</strong></span> <span class='ocrx_word' id='word_1_20' title='bbox 376 712 496 791; x_wconf 88' lang='lat' dir='ltr'><strong>quarta</strong></span> <span class='ocrx_word' id='word_1_21' title='bbox 516 725 596 790; x_wconf 88' lang='lat' dir='ltr'><strong>pars</strong></span> <span class='ocrx_word' id='word_1_22' title='bbox 615 704 833 770; x_wconf 79' lang='lat' dir='ltr'><strong>variantium</strong></span> <span class='ocrx_word' id='word_1_23' title='bbox 856 705 1051 770; x_wconf 84' lang='lat' dir='ltr'><strong>Lectionum</strong></span> <span class='ocrx_word' id='word_1_24' title='bbox 1075 723 1118 768; x_wconf 84' lang='lat' dir='ltr'><strong>ex</strong></span> <span class='ocrx_word' id='word_1_25' title='bbox 1143 703 1294 770; x_wconf 86' lang='lat' dir='ltr'><strong>Torrenii</strong></span> 
     </span>
     <span class='ocr_line' id='line_1_5' title="bbox 196 805 1293 889; baseline 0.003 -20"><span class='ocrx_word' id='word_1_26' title='bbox 196 807 310 889; x_wconf 91' lang='lat' dir='ltr'><strong>spisso</strong></span> <span class='ocrx_word' id='word_1_27' title='bbox 324 811 492 876; x_wconf 85' lang='lat' dir='ltr'><strong>volumine</strong></span> <span class='ocrx_word' id='word_1_28' title='bbox 506 809 623 874; x_wconf 88' lang='lat' dir='ltr'><strong>relicta</strong></span> <span class='ocrx_word' id='word_1_29' title='bbox 639 809 694 884; x_wconf 90' lang='lat' dir='ltr'><strong>sit,</strong></span> <span class='ocrx_word' id='word_1_30' title='bbox 706 813 880 872; x_wconf 87' lang='lat' dir='ltr'><strong>contentus</strong></span> <span class='ocrx_word' id='word_1_31' title='bbox 894 817 1008 872; x_wconf 88' lang='lat' dir='ltr'><strong>tamon</strong></span> <span class='ocrx_word' id='word_1_32' title='bbox 1018 825 1087 884; x_wconf 89' lang='lat' dir='ltr'><strong>ero,</strong></span> <span class='ocrx_word' id='word_1_33' title='bbox 1103 805 1133 870; x_wconf 86' lang='lat' dir='ltr'><strong>si</strong></span> <span class='ocrx_word' id='word_1_34' title='bbox 1148 806 1293 872; x_wconf 89' lang='lat' dir='ltr'><strong>lectores</strong></span> 
     </span>
     <span class='ocr_line' id='line_1_6' title="bbox 197 907 1294 993; baseline 0.002 -21"><span class='ocrx_word' id='word_1_35' title='bbox 197 926 243 972; x_wconf 85' lang='lat' dir='ltr'><strong>ex</strong></span> <span class='ocrx_word' id='word_1_36' title='bbox 262 928 340 974; x_wconf 88' lang='lat' dir='ltr'><strong>mea</strong></span> <span class='ocrx_word' id='word_1_37' title='bbox 353 911 513 993; x_wconf 60' lang='lat' dir='ltr'><strong>fanamne</strong></span> <span class='ocrx_word' id='word_1_38' title='bbox 526 909 581 976; x_wconf 87' lang='lat' dir='ltr'><strong>vel</strong></span> <span class='ocrx_word' id='word_1_39' title='bbox 595 908 769 974; x_wconf 82' lang='lat' dir='ltr'><strong>dimidiam</strong></span> <span class='ocrx_word' id='word_1_40' title='bbox 784 912 912 993; x_wconf 87' lang='lat' dir='ltr'><strong>partem</strong></span> <span class='ocrx_word' id='word_1_41' title='bbox 928 912 1043 972; x_wconf 88' lang='lat' dir='ltr'><strong>notatu</strong></span> <span class='ocrx_word' id='word_1_42' title='bbox 1059 907 1194 990; x_wconf 75' lang='lat' dir='ltr'><strong>dignam</strong></span> <span class='ocrx_word' id='word_1_43' title='bbox 1203 907 1294 992; x_wconf 86' lang='lat' dir='ltr'><strong>judi·</strong></span> 
     </span>
     <span class='ocr_line' id='line_1_7' title="bbox 197 1010 1292 1093; baseline 0.001 -19"><span class='ocrx_word' id='word_1_44' title='bbox 197 1016 284 1074; x_wconf 91' lang='lat' dir='ltr'><strong>cent.</strong></span> <span class='ocrx_word' id='word_1_45' title='bbox 328 1010 466 1076; x_wconf 87' lang='lat' dir='ltr'><strong>Interim</strong></span> <span class='ocrx_word' id='word_1_46' title='bbox 493 1010 557 1076; x_wconf 89' lang='lat' dir='ltr'><strong>hoc</strong></span> <span class='ocrx_word' id='word_1_47' title='bbox 586 1011 664 1076; x_wconf 90' lang='lat' dir='ltr'><strong>loco</strong></span> <span class='ocrx_word' id='word_1_48' title='bbox 694 1010 826 1076; x_wconf 90' lang='lat' dir='ltr'><strong>silentio</strong></span> <span class='ocrx_word' id='word_1_49' title='bbox 851 1010 1021 1093; x_wconf 72' lang='lat' dir='ltr'><strong>praeterire</strong></span> <span class='ocrx_word' id='word_1_50' title='bbox 1048 1027 1117 1072; x_wconf 87' lang='lat' dir='ltr'><strong>nou</strong></span> <span class='ocrx_word' id='word_1_51' title='bbox 1141 1028 1292 1092; x_wconf 87' lang='lat' dir='ltr'><strong>possum,</strong></span> 
     </span>
     <span class='ocr_line' id='line_1_8' title="bbox 195 1107 1345 1192; baseline 0.003 -20"><span class='ocrx_word' id='word_1_52' title='bbox 195 1111 279 1174; x_wconf 88' lang='lat' dir='ltr'><strong>mihi</strong></span> <span class='ocrx_word' id='word_1_53' title='bbox 293 1113 397 1178; x_wconf 88' lang='lat' dir='ltr'><strong>multa</strong></span> <span class='ocrx_word' id='word_1_54' title='bbox 414 1112 524 1178; x_wconf 89' lang='lat' dir='ltr'><strong>adhuc</strong></span> <span class='ocrx_word' id='word_1_55' title='bbox 537 1109 665 1176; x_wconf 86' lang='lat' dir='ltr'><strong>Valerii</strong></span> <span class='ocrx_word' id='word_1_56' title='bbox 688 1112 765 1176; x_wconf 90' lang='lat' dir='ltr'><strong>loca</strong></span> <span class='ocrx_word' id='word_1_57' title='bbox 778 1110 944 1174; x_wconf 87' lang='lat' dir='ltr'><strong>medicam</strong></span> <span class='ocrx_word' id='word_1_58' title='bbox 963 1107 1294 1192; x_wconf 78' lang='lat' dir='ltr'><strong>manumefflugitare</strong></span> <span class='ocrx_word' id='word_1_59' title='bbox 1339 1149 1345 1158; x_wconf 93' lang='lat'><strong>·</strong></span> 
     </span>
     <span class='ocr_line' id='line_1_9' title="bbox 195 1211 1295 1298; baseline 0.004 -22"><span class='ocrx_word' id='word_1_60' title='bbox 195 1213 315 1292; x_wconf 82' lang='lat' dir='ltr'><strong>videri,</strong></span> <span class='ocrx_word' id='word_1_61' title='bbox 337 1215 507 1298; x_wconf 87' lang='lat' dir='ltr'><strong>multaque</strong></span> <span class='ocrx_word' id='word_1_62' title='bbox 533 1215 715 1280; x_wconf 89' lang='lat' dir='ltr'><strong>desiderari</strong></span> <span class='ocrx_word' id='word_1_63' title='bbox 739 1213 892 1278; x_wconf 88' lang='lat' dir='ltr'><strong>subsidia</strong></span> <span class='ocrx_word' id='word_1_64' title='bbox 917 1211 961 1276; x_wconf 88' lang='lat' dir='ltr'><strong>ad</strong></span> <span class='ocrx_word' id='word_1_65' title='bbox 984 1231 1093 1276; x_wconf 89' lang='lat' dir='ltr'><strong>veram</strong></span> <span class='ocrx_word' id='word_1_66' title='bbox 1115 1211 1206 1278; x_wconf 84' lang='lat' dir='ltr'><strong>illius</strong></span> <span class='ocrx_word' id='word_1_67' title='bbox 1228 1213 1295 1280; x_wconf 85' lang='lat' dir='ltr'><strong>lec·</strong></span> 
     </span>
     <span class='ocr_line' id='line_1_10' title="bbox 195 1313 1294 1396; baseline 0.002 -18"><span class='ocrx_word' id='word_1_68' title='bbox 195 1315 324 1380; x_wconf 89' lang='lat' dir='ltr'><strong>tionem</strong></span> <span class='ocrx_word' id='word_1_69' title='bbox 347 1315 621 1383; x_wconf 78' lang='lat' dir='ltr'><strong>constituendam.</strong></span> <span class='ocrx_word' id='word_1_70' title='bbox 665 1315 815 1379; x_wconf 89' lang='lat' dir='ltr'><strong>Primum</strong></span> <span class='ocrx_word' id='word_1_71' title='bbox 836 1313 971 1396; x_wconf 88' lang='lat' dir='ltr'><strong>quidem</strong></span> <span class='ocrx_word' id='word_1_72' title='bbox 995 1313 1094 1378; x_wconf 88' lang='lat' dir='ltr'><strong>nobis</strong></span> <span class='ocrx_word' id='word_1_73' title='bbox 1118 1314 1214 1378; x_wconf 80' lang='lat' dir='ltr'><strong>deest</strong></span> <span class='ocrx_word' id='word_1_74' title='bbox 1234 1335 1294 1380; x_wconf 84' lang='lat' dir='ltr'><strong>ex·</strong></span> 
     </span>
     <span class='ocr_line' id='line_1_11' title="bbox 197 1413 1296 1500; baseline 0.003 -20"><span class='ocrx_word' id='word_1_75' title='bbox 197 1419 278 1480; x_wconf 87' lang='lat' dir='ltr'><strong>acta</strong></span> <span class='ocrx_word' id='word_1_76' title='bbox 291 1423 327 1480; x_wconf 90' lang='lat' dir='ltr'><strong>et</strong></span> <span class='ocrx_word' id='word_1_77' title='bbox 340 1417 461 1482; x_wconf 86' lang='lat' dir='ltr'><strong>critica</strong></span> <span class='ocrx_word' id='word_1_78' title='bbox 474 1415 653 1500; x_wconf 85' lang='lat' dir='ltr'><strong>descriptio</strong></span> <span class='ocrx_word' id='word_1_79' title='bbox 669 1415 757 1482; x_wconf 85' lang='lat' dir='ltr'><strong>Mss.</strong></span> <span class='ocrx_word' id='word_1_80' title='bbox 774 1427 809 1480; x_wconf 86' lang='lat' dir='ltr'><strong>et</strong></span> <span class='ocrx_word' id='word_1_81' title='bbox 823 1414 1014 1480; x_wconf 88' lang='lat' dir='ltr'><strong>Editieuum</strong></span> <span class='ocrx_word' id='word_1_82' title='bbox 1023 1413 1203 1498; x_wconf 70' lang='lat' dir='ltr'><strong>Veterum</strong></span> <span class='ocrx_word' id='word_1_83' title='bbox 1218 1435 1296 1483; x_wconf 82' lang='lat' dir='ltr'><strong>uum</strong></span> 
     </span>
     <span class='ocr_line' id='line_1_12' title="bbox 197 1516 1296 1604; baseline 0.002 -24"><span class='ocrx_word' id='word_1_84' title='bbox 197 1537 299 1599; x_wconf 89' lang='lat' dir='ltr'><strong>quam</strong></span> <span class='ocrx_word' id='word_1_85' title='bbox 313 1518 411 1583; x_wconf 89' lang='lat' dir='ltr'><strong>nobis</strong></span> <span class='ocrx_word' id='word_1_86' title='bbox 426 1517 543 1584; x_wconf 84' lang='lat' dir='ltr'><strong>dedere</strong></span> <span class='ocrx_word' id='word_1_87' title='bbox 554 1517 753 1604; x_wconf 85' lang='lat' dir='ltr'><strong>interpretes</strong></span> <span class='ocrx_word' id='word_1_88' title='bbox 764 1516 906 1594; x_wconf 87' lang='lat' dir='ltr'><strong>Valerii,</strong></span> <span class='ocrx_word' id='word_1_89' title='bbox 920 1517 1100 1582; x_wconf 88' lang='lat' dir='ltr'><strong>admodum</strong></span> <span class='ocrx_word' id='word_1_90' title='bbox 1110 1526 1163 1584; x_wconf 84' lang='lat' dir='ltr'><strong>eet</strong></span> <span class='ocrx_word' id='word_1_91' title='bbox 1177 1537 1296 1584; x_wconf 85' lang='lat' dir='ltr'><strong>manoe</strong></span> 
     </span>
     <span class='ocr_line' id='line_1_13' title="bbox 197 1619 1295 1686; baseline 0 -2"><span class='ocrx_word' id='word_1_92' title='bbox 197 1628 234 1684; x_wconf 90' lang='lat' dir='ltr'><strong>et</strong></span> <span class='ocrx_word' id='word_1_93' title='bbox 248 1619 461 1686; x_wconf 86' lang='lat' dir='ltr'><strong>insufficiens.</strong></span> <span class='ocrx_word' id='word_1_94' title='bbox 505 1620 637 1686; x_wconf 82' lang='lat' dir='ltr'><strong>Deinde</strong></span> <span class='ocrx_word' id='word_1_95' title='bbox 658 1620 803 1686; x_wconf 90' lang='lat' dir='ltr'><strong>nondum</strong></span> <span class='ocrx_word' id='word_1_96' title='bbox 817 1621 978 1684; x_wconf 87' lang='lat' dir='ltr'><strong>habemns</strong></span> <span class='ocrx_word' id='word_1_97' title='bbox 992 1627 1184 1684; x_wconf 85' lang='lat' dir='ltr'><strong>accuratam</strong></span> <span class='ocrx_word' id='word_1_98' title='bbox 1197 1619 1295 1686; x_wconf 91' lang='lat' dir='ltr'><strong>codd.</strong></span> 
     </span>
     <span class='ocr_line' id='line_1_14' title="bbox 199 1719 1294 1804; baseline 0 -18"><span class='ocrx_word' id='word_1_99' title='bbox 199 1721 287 1793; x_wconf 85' lang='lat' dir='ltr'><strong>Mes.</strong></span> <span class='ocrx_word' id='word_1_100' title='bbox 312 1742 388 1788; x_wconf 88' lang='lat' dir='ltr'><strong>cum</strong></span> <span class='ocrx_word' id='word_1_101' title='bbox 413 1727 511 1788; x_wconf 85' lang='lat' dir='ltr'><strong>textu</strong></span> <span class='ocrx_word' id='word_1_102' title='bbox 534 1721 672 1804; x_wconf 81' lang='lat' dir='ltr'><strong>vulgato</strong></span> <span class='ocrx_word' id='word_1_103' title='bbox 701 1722 928 1798; x_wconf 89' lang='lat' dir='ltr'><strong>collationem,</strong></span> <span class='ocrx_word' id='word_1_104' title='bbox 957 1719 1124 1804; x_wconf 86' lang='lat' dir='ltr'><strong>siquidem</strong></span> <span class='ocrx_word' id='word_1_105' title='bbox 1149 1721 1294 1804; x_wconf 86' lang='lat' dir='ltr'><strong>plurimi,</strong></span> 
     </span>
     <span class='ocr_line' id='line_1_15' title="bbox 197 1821 1297 1908; baseline 0 -20"><span class='ocrx_word' id='word_1_106' title='bbox 197 1827 381 1906; x_wconf 70' lang='lat' dir='ltr'><strong>presertim</strong></span> <span class='ocrx_word' id='word_1_107' title='bbox 391 1824 553 1902; x_wconf 67' lang='lat' dir='ltr'><strong>(ludioni,</strong></span> <span class='ocrx_word' id='word_1_108' title='bbox 568 1833 628 1889; x_wconf 90' lang='lat' dir='ltr'><strong>aut</strong></span> <span class='ocrx_word' id='word_1_109' title='bbox 639 1825 674 1889; x_wconf 92' lang='lat' dir='ltr'><strong>iu</strong></span> <span class='ocrx_word' id='word_1_110' title='bbox 682 1825 802 1908; x_wconf 81' lang='lat' dir='ltr'><strong>paucis</strong></span> <span class='ocrx_word' id='word_1_111' title='bbox 811 1822 1041 1888; x_wconf 89' lang='lat' dir='ltr'><strong>tantummodo</strong></span> <span class='ocrx_word' id='word_1_112' title='bbox 1053 1823 1139 1888; x_wconf 90' lang='lat' dir='ltr'><strong>locis</strong></span> <span class='ocrx_word' id='word_1_113' title='bbox 1150 1821 1297 1906; x_wconf 86' lang='lat' dir='ltr'><strong>inspecti</strong></span> 
     </span>
     <span class='ocr_line' id='line_1_16' title="bbox 198 1923 1298 2011; baseline 0.002 -23"><span class='ocrx_word' id='word_1_114' title='bbox 198 1934 289 2004; x_wconf 88' lang='lat' dir='ltr'><strong>sunt,</strong></span> <span class='ocrx_word' id='word_1_115' title='bbox 316 1935 376 1993; x_wconf 91' lang='lat' dir='ltr'><strong>aut</strong></span> <span class='ocrx_word' id='word_1_116' title='bbox 388 1947 474 2011; x_wconf 79' lang='lat' dir='ltr'><strong>vage</strong></span> <span class='ocrx_word' id='word_1_117' title='bbox 498 1927 678 1992; x_wconf 90' lang='lat' dir='ltr'><strong>admodum</strong></span> <span class='ocrx_word' id='word_1_118' title='bbox 693 1927 846 1992; x_wconf 87' lang='lat' dir='ltr'><strong>citantur.</strong></span> <span class='ocrx_word' id='word_1_119' title='bbox 892 1925 982 2006; x_wconf 84' lang='lat' dir='ltr'><strong>Quis</strong></span> <span class='ocrx_word' id='word_1_120' title='bbox 999 1943 1075 1990; x_wconf 88' lang='lat' dir='ltr'><strong>vero</strong></span> <span class='ocrx_word' id='word_1_121' title='bbox 1090 1923 1132 2008; x_wconf 82' lang='lat' dir='ltr'><strong>de</strong></span> <span class='ocrx_word' id='word_1_122' title='bbox 1146 1925 1298 1990; x_wconf 85' lang='lat' dir='ltr'><strong>bonitate</strong></span> 
     </span>
     <span class='ocr_line' id='line_1_17' title="bbox 197 2026 1296 2114; baseline -0.002 -20"><span class='ocrx_word' id='word_1_123' title='bbox 197 2029 352 2094; x_wconf 88' lang='lat' dir='ltr'><strong>lectionis</strong></span> <span class='ocrx_word' id='word_1_124' title='bbox 374 2035 497 2095; x_wconf 90' lang='lat' dir='ltr'><strong>certum</strong></span> <span class='ocrx_word' id='word_1_125' title='bbox 518 2029 685 2114; x_wconf 86' lang='lat' dir='ltr'><strong>judicium</strong></span> <span class='ocrx_word' id='word_1_126' title='bbox 697 2027 784 2092; x_wconf 82' lang='lat' dir='ltr'><strong>serre</strong></span> <span class='ocrx_word' id='word_1_127' title='bbox 799 2029 899 2104; x_wconf 90' lang='lat' dir='ltr'><strong>ausit,</strong></span> <span class='ocrx_word' id='word_1_128' title='bbox 923 2029 952 2092; x_wconf 86' lang='lat' dir='ltr'><strong>si</strong></span> <span class='ocrx_word' id='word_1_129' title='bbox 967 2026 1096 2090; x_wconf 89' lang='lat' dir='ltr'><strong>nesciat</strong></span> <span class='ocrx_word' id='word_1_130' title='bbox 1116 2045 1184 2109; x_wconf 90' lang='lat' dir='ltr'><strong>quo</strong></span> <span class='ocrx_word' id='word_1_131' title='bbox 1198 2031 1296 2104; x_wconf 87' lang='lat' dir='ltr'><strong>teste,</strong></span> 
     </span>
     <span class='ocr_line' id='line_1_18' title="bbox 197 2128 1296 2212; baseline 0.002 -20"><span class='ocrx_word' id='word_1_132' title='bbox 197 2129 303 2194; x_wconf 88' lang='lat' dir='ltr'><strong>lrebili</strong></span> <span class='ocrx_word' id='word_1_133' title='bbox 325 2149 369 2194; x_wconf 91' lang='lat' dir='ltr'><strong>an</strong></span> <span class='ocrx_word' id='word_1_134' title='bbox 390 2129 543 2209; x_wconf 85' lang='lat' dir='ltr'><strong>inhabili,</strong></span> <span class='ocrx_word' id='word_1_135' title='bbox 567 2149 611 2194; x_wconf 88' lang='lat' dir='ltr'><strong>ea</strong></span> <span class='ocrx_word' id='word_1_136' title='bbox 632 2130 780 2194; x_wconf 85' lang='lat' dir='ltr'><strong>nitaturl</strong></span> <span class='ocrx_word' id='word_1_137' title='bbox 825 2128 979 2212; x_wconf 88' lang='lat' dir='ltr'><strong>Denique</strong></span> <span class='ocrx_word' id='word_1_138' title='bbox 1002 2147 1083 2192; x_wconf 90' lang='lat' dir='ltr'><strong>sane</strong></span> <span class='ocrx_word' id='word_1_139' title='bbox 1114 2147 1215 2210; x_wconf 90' lang='lat' dir='ltr'><strong>quam</strong></span> <span class='ocrx_word' id='word_1_140' title='bbox 1235 2149 1296 2212; x_wconf 92' lang='lat' dir='ltr'><strong>op·</strong></span> 
     </span>
     <span class='ocr_line' id='line_1_19' title="bbox 198 2227 1297 2312; baseline -0.001 -17"><span class='ocrx_word' id='word_1_141' title='bbox 198 2232 338 2296; x_wconf 87' lang='lat' dir='ltr'><strong>tandum</strong></span> <span class='ocrx_word' id='word_1_142' title='bbox 363 2239 466 2310; x_wconf 88' lang='lat' dir='ltr'><strong>esset,</strong></span> <span class='ocrx_word' id='word_1_143' title='bbox 487 2239 525 2297; x_wconf 90' lang='lat' dir='ltr'><strong>ut</strong></span> <span class='ocrx_word' id='word_1_144' title='bbox 550 2239 630 2298; x_wconf 86' lang='lat' dir='ltr'><strong>ante</strong></span> <span class='ocrx_word' id='word_1_145' title='bbox 653 2233 775 2296; x_wconf 90' lang='lat' dir='ltr'><strong>librum</strong></span> <span class='ocrx_word' id='word_1_146' title='bbox 797 2231 978 2312; x_wconf 84' lang='lat' dir='ltr'><strong>quemlibet</strong></span> <span class='ocrx_word' id='word_1_147' title='bbox 1003 2227 1171 2294; x_wconf 86' lang='lat' dir='ltr'><strong>Elenchus</strong></span> <span class='ocrx_word' id='word_1_148' title='bbox 1199 2229 1297 2294; x_wconf 88' lang='lat' dir='ltr'><strong>codd.</strong></span> 
     </span>
     <span class='ocr_line' id='line_1_20' title="bbox 198 2329 1298 2416; baseline 0 -20"><span class='ocrx_word' id='word_1_149' title='bbox 198 2331 289 2397; x_wconf 85' lang='lat' dir='ltr'><strong>Mss.</strong></span> <span class='ocrx_word' id='word_1_150' title='bbox 301 2341 335 2396; x_wconf 92' lang='lat' dir='ltr'><strong>et</strong></span> <span class='ocrx_word' id='word_1_151' title='bbox 347 2333 451 2396; x_wconf 86' lang='lat' dir='ltr'><strong>Editt.</strong></span> <span class='ocrx_word' id='word_1_152' title='bbox 460 2334 649 2416; x_wconf 87' lang='lat' dir='ltr'><strong>principum</strong></span> <span class='ocrx_word' id='word_1_153' title='bbox 659 2331 894 2414; x_wconf 77' lang='lat' dir='ltr'><strong>praefigeretur,</strong></span> <span class='ocrx_word' id='word_1_154' title='bbox 907 2331 1007 2394; x_wconf 80' lang='lat' dir='ltr'><strong>siculi</strong></span> <span class='ocrx_word' id='word_1_155' title='bbox 1018 2329 1135 2394; x_wconf 85' lang='lat' dir='ltr'><strong>Critici</strong></span> <span class='ocrx_word' id='word_1_156' title='bbox 1148 2329 1182 2394; x_wconf 92' lang='lat' dir='ltr'><strong>in</strong></span> <span class='ocrx_word' id='word_1_157' title='bbox 1195 2329 1298 2396; x_wconf 86' lang='lat' dir='ltr'><strong>Novo</strong></span> 
     </span>
     <span class='ocr_line' id='line_1_21' title="bbox 197 2429 1299 2521; baseline -0.002 -21"><span class='ocrx_word' id='word_1_158' title='bbox 197 2434 421 2500; x_wconf 85' lang='lat' dir='ltr'><strong>Testamento</strong></span> <span class='ocrx_word' id='word_1_159' title='bbox 442 2434 563 2510; x_wconf 83' lang='lat' dir='ltr'><strong>fecere,</strong></span> <span class='ocrx_word' id='word_1_160' title='bbox 587 2455 618 2497; x_wconf 92' lang='lat' dir='ltr'><strong>e.</strong></span> <span class='ocrx_word' id='word_1_161' title='bbox 631 2455 662 2514; x_wconf 84' lang='lat' dir='ltr'><strong>g.</strong></span> <span class='ocrx_word' id='word_1_162' title='bbox 683 2431 865 2514; x_wconf 82' lang='lat' dir='ltr'><strong>Bongelius</strong></span> <span class='ocrx_word' id='word_1_163' title='bbox 886 2431 919 2494; x_wconf 91' lang='lat' dir='ltr'><strong>in</strong></span> <span class='ocrx_word' id='word_1_164' title='bbox 934 2429 1131 2521; x_wconf 80' lang='lat' dir='ltr'><strong>‘Apparatu</strong></span> <span class='ocrx_word' id='word_1_165' title='bbox 1148 2430 1299 2498; x_wconf 66' lang='lat' dir='ltr'><strong>Critico!</strong></span> 
     </span>
     <span class='ocr_line' id='line_1_22' title="bbox 199 2532 1298 2617; baseline -0.004 -15"><span class='ocrx_word' id='word_1_166' title='bbox 199 2535 291 2602; x_wconf 87' lang='lat' dir='ltr'><strong>Nam</strong></span> <span class='ocrx_word' id='word_1_167' title='bbox 305 2553 373 2600; x_wconf 91' lang='lat' dir='ltr'><strong>non</strong></span> <span class='ocrx_word' id='word_1_168' title='bbox 389 2552 504 2598; x_wconf 91' lang='lat' dir='ltr'><strong>omnes</strong></span> <span class='ocrx_word' id='word_1_169' title='bbox 519 2533 607 2600; x_wconf 82' lang='lat' dir='ltr'><strong>Mes.</strong></span> <span class='ocrx_word' id='word_1_170' title='bbox 623 2534 743 2617; x_wconf 82' lang='lat' dir='ltr'><strong>integri</strong></span> <span class='ocrx_word' id='word_1_171' title='bbox 758 2540 847 2611; x_wconf 89' lang='lat' dir='ltr'><strong>sunt,</strong></span> <span class='ocrx_word' id='word_1_172' title='bbox 869 2553 900 2598; x_wconf 89' lang='lat' dir='ltr'><strong>e.</strong></span> <span class='ocrx_word' id='word_1_173' title='bbox 916 2553 947 2616; x_wconf 78' lang='lat' dir='ltr'><strong>g.</strong></span> <span class='ocrx_word' id='word_1_174' title='bbox 962 2532 1216 2611; x_wconf 84' lang='lat' dir='ltr'><strong>Perizonianus,</strong></span> <span class='ocrx_word' id='word_1_175' title='bbox 1238 2535 1298 2616; x_wconf 90' lang='lat' dir='ltr'><strong>qni</strong></span> 
     </span>
     <span class='ocr_line' id='line_1_23' title="bbox 199 2632 1297 2719; baseline -0.003 -17"><span class='ocrx_word' id='word_1_176' title='bbox 199 2643 327 2702; x_wconf 84' lang='lat' dir='ltr'><strong>tanturn</strong></span> <span class='ocrx_word' id='word_1_177' title='bbox 343 2655 408 2700; x_wconf 81' lang='lat' dir='ltr'><strong>sex</strong></span> <span class='ocrx_word' id='word_1_178' title='bbox 420 2636 523 2700; x_wconf 90' lang='lat' dir='ltr'><strong>libros</strong></span> <span class='ocrx_word' id='word_1_179' title='bbox 537 2637 664 2719; x_wconf 88' lang='lat' dir='ltr'><strong>priores</strong></span> <span class='ocrx_word' id='word_1_180' title='bbox 677 2635 835 2702; x_wconf 89' lang='lat' dir='ltr'><strong>continet.</strong></span> <span class='ocrx_word' id='word_1_181' title='bbox 879 2636 937 2700; x_wconf 90' lang='lat' dir='ltr'><strong>Sic</strong></span> <span class='ocrx_word' id='word_1_182' title='bbox 952 2635 1055 2700; x_wconf 86' lang='lat' dir='ltr'><strong>etiam</strong></span> <span class='ocrx_word' id='word_1_183' title='bbox 1068 2632 1203 2698; x_wconf 83' lang='lat' dir='ltr'><strong>facilius</strong></span> <span class='ocrx_word' id='word_1_184' title='bbox 1218 2653 1297 2717; x_wconf 80' lang='lat' dir='ltr'><strong>cog·</strong></span> 
     </span>
     <span class='ocr_line' id='line_1_24' title="bbox 197 2734 1298 2822; baseline -0.002 -20"><span class='ocrx_word' id='word_1_185' title='bbox 197 2745 404 2815; x_wconf 88' lang='lat' dir='ltr'><strong>nosceretur,</strong></span> <span class='ocrx_word' id='word_1_186' title='bbox 418 2757 485 2822; x_wconf 90' lang='lat' dir='ltr'><strong>qua</strong></span> <span class='ocrx_word' id='word_1_187' title='bbox 499 2737 564 2802; x_wconf 88' lang='lat' dir='ltr'><strong>tide</strong></span> <span class='ocrx_word' id='word_1_188' title='bbox 576 2737 694 2804; x_wconf 83' lang='lat' dir='ltr'><strong>Critici</strong></span> <span class='ocrx_word' id='word_1_189' title='bbox 709 2737 754 2802; x_wconf 86' lang='lat' dir='ltr'><strong>ud</strong></span> <span class='ocrx_word' id='word_1_190' title='bbox 769 2737 1056 2822; x_wconf 78' lang='lat' dir='ltr'><strong>Mssprorocent.</strong></span> <span class='ocrx_word' id='word_1_191' title='bbox 1102 2734 1192 2802; x_wconf 84' lang='lat' dir='ltr'><strong>Nam</strong></span> <span class='ocrx_word' id='word_1_192' title='bbox 1207 2735 1298 2800; x_wconf 89' lang='lat' dir='ltr'><strong>haud</strong></span> 
     </span>
     <span class='ocr_line' id='line_1_25' title="bbox 198 2838 1299 2924; baseline -0.004 -18"><span class='ocrx_word' id='word_1_193' title='bbox 198 2859 273 2906; x_wconf 88' lang='lat' dir='ltr'><strong>raro</strong></span> <span class='ocrx_word' id='word_1_194' title='bbox 288 2841 323 2905; x_wconf 92' lang='lat' dir='ltr'><strong>in</strong></span> <span class='ocrx_word' id='word_1_195' title='bbox 337 2841 564 2924; x_wconf 87' lang='lat' dir='ltr'><strong>suspicionem</strong></span> <span class='ocrx_word' id='word_1_196' title='bbox 577 2842 720 2919; x_wconf 83' lang='lat' dir='ltr'><strong>veniunt,</strong></span> <span class='ocrx_word' id='word_1_197' title='bbox 741 2860 780 2906; x_wconf 86' lang='lat' dir='ltr'><strong>se</strong></span> <span class='ocrx_word' id='word_1_198' title='bbox 793 2841 931 2906; x_wconf 83' lang='lat' dir='ltr'><strong>tinxisse</strong></span> <span class='ocrx_word' id='word_1_199' title='bbox 946 2838 1135 2916; x_wconf 84' lang='lat' dir='ltr'><strong>Lectiones,</strong></span> <span class='ocrx_word' id='word_1_200' title='bbox 1158 2858 1299 2922; x_wconf 81' lang='lat' dir='ltr'><strong>quarum</strong></span> 
     </span>
     <span class='ocr_line' id='line_1_26' title="bbox 199 2938 1296 3025; baseline -0.005 -15"><span class='ocrx_word' id='word_1_201' title='bbox 199 2961 263 3010; x_wconf 90' lang='lat' dir='ltr'><strong>nec</strong></span> <span class='ocrx_word' id='word_1_202' title='bbox 278 2944 357 3008; x_wconf 88' lang='lat' dir='ltr'><strong>vola</strong></span> <span class='ocrx_word' id='word_1_203' title='bbox 369 2959 430 3006; x_wconf 92' lang='lat' dir='ltr'><strong>nec</strong></span> <span class='ocrx_word' id='word_1_204' title='bbox 445 2942 621 3025; x_wconf 78' lang='lat' dir='ltr'><strong>vestigium</strong></span> <span class='ocrx_word' id='word_1_205' title='bbox 636 2944 671 3008; x_wconf 87' lang='lat' dir='ltr'><strong>in</strong></span> <span class='ocrx_word' id='word_1_206' title='bbox 684 2938 771 3007; x_wconf 86' lang='lat' dir='ltr'><strong>Mss.</strong></span> <span class='ocrx_word' id='word_1_207' title='bbox 793 2945 897 3019; x_wconf 87' lang='lat' dir='ltr'><strong>extat,</strong></span> <span class='ocrx_word' id='word_1_208' title='bbox 921 2961 953 3006; x_wconf 83' lang='lat' dir='ltr'><strong>v·</strong></span> <span class='ocrx_word' id='word_1_209' title='bbox 966 2960 996 3005; x_wconf 88' lang='lat' dir='ltr'><strong>c.</strong></span> <span class='ocrx_word' id='word_1_210' title='bbox 1012 2938 1155 3021; x_wconf 81' lang='lat' dir='ltr'><strong>Pighius</strong></span> <span class='ocrx_word' id='word_1_211' title='bbox 1168 2940 1203 3002; x_wconf 94' lang='lat' dir='ltr'><strong>iu</strong></span> <span class='ocrx_word' id='word_1_212' title='bbox 1216 2959 1296 3005; x_wconf 89' lang='lat' dir='ltr'><strong>non·</strong></span> 
     </span>
     <span class='ocr_line' id='line_1_27' title="bbox 202 3043 1299 3127; baseline -0.002 -19"><span class='ocrx_word' id='word_1_213' title='bbox 202 3045 302 3110; x_wconf 89' lang='lat' dir='ltr'><strong>nullis</strong></span> <span class='ocrx_word' id='word_1_214' title='bbox 327 3045 424 3122; x_wconf 83' lang='lat' dir='ltr'><strong>locis,</strong></span> <span class='ocrx_word' id='word_1_215' title='bbox 452 3063 529 3110; x_wconf 87' lang='lat' dir='ltr'><strong>curn</strong></span> <span class='ocrx_word' id='word_1_216' title='bbox 551 3043 728 3108; x_wconf 85' lang='lat' dir='ltr'><strong>Valerium</strong></span> <span class='ocrx_word' id='word_1_217' title='bbox 753 3063 863 3120; x_wconf 85' lang='lat' dir='ltr'><strong>snum,</strong></span> <span class='ocrx_word' id='word_1_218' title='bbox 891 3061 988 3127; x_wconf 90' lang='lat' dir='ltr'><strong>qoem</strong></span> <span class='ocrx_word' id='word_1_219' title='bbox 1011 3059 1079 3104; x_wconf 94' lang='lat' dir='ltr'><strong>non</strong></span> <span class='ocrx_word' id='word_1_220' title='bbox 1102 3059 1226 3122; x_wconf 86' lang='lat' dir='ltr'><strong>passus</strong></span> <span class='ocrx_word' id='word_1_221' title='bbox 1247 3047 1299 3106; x_wconf 85' lang='lat' dir='ltr'><strong>est</strong></span> 
     </span>
     <span class='ocr_line' id='line_1_28' title="bbox 203 3142 1298 3231; baseline -0.004 -19"><span class='ocrx_word' id='word_1_222' title='bbox 203 3165 321 3224; x_wconf 86' lang='lat' dir='ltr'><strong>errare,</strong></span> <span class='ocrx_word' id='word_1_223' title='bbox 344 3147 512 3212; x_wconf 85' lang='lat' dir='ltr'><strong>acrimine</strong></span> <span class='ocrx_word' id='word_1_224' title='bbox 536 3143 733 3231; x_wconf 75' lang='grc' dir='ltr'><strong>ἂνιστορησίας</strong></span> <span class='ocrx_word' id='word_1_225' title='bbox 753 3145 927 3208; x_wconf 82' lang='lat' dir='ltr'><strong>defendere</strong></span> <span class='ocrx_word' id='word_1_226' title='bbox 941 3143 1051 3220; x_wconf 86' lang='lat' dir='ltr'><strong>vellet,</strong></span> <span class='ocrx_word' id='word_1_227' title='bbox 1077 3142 1219 3208; x_wconf 81' lang='lat' dir='ltr'><strong>sortasse</strong></span> <span class='ocrx_word' id='word_1_228' title='bbox 1239 3163 1298 3210; x_wconf 91' lang='lat' dir='ltr'><strong>ex·</strong></span> 
     </span>
     <span class='ocr_line' id='line_1_29' title="bbox 204 3245 1300 3330; baseline 0 -18"><span class='ocrx_word' id='word_1_229' title='bbox 204 3247 370 3330; x_wconf 77' lang='lat' dir='ltr'><strong>cogitavit</strong></span> <span class='ocrx_word' id='word_1_230' title='bbox 394 3249 469 3330; x_wconf 88' lang='lat' dir='ltr'><strong>ipse</strong></span> <span class='ocrx_word' id='word_1_231' title='bbox 490 3246 683 3325; x_wconf 76' lang='lat' dir='ltr'><strong>lectiones,</strong></span> <span class='ocrx_word' id='word_1_232' title='bbox 707 3245 887 3330; x_wconf 77' lang='lat' dir='ltr'><strong>praesertim</strong></span> <span class='ocrx_word' id='word_1_233' title='bbox 912 3245 969 3309; x_wconf 90' lang='lat' dir='ltr'><strong>ubi</strong></span> <span class='ocrx_word' id='word_1_234' title='bbox 991 3246 1045 3308; x_wconf 84' lang='lat' dir='ltr'><strong>rel</strong></span> <span class='ocrx_word' id='word_1_235' title='bbox 1069 3245 1206 3310; x_wconf 89' lang='lat' dir='ltr'><strong>codices</strong></span> <span class='ocrx_word' id='word_1_236' title='bbox 1231 3265 1300 3312; x_wconf 91' lang='lat' dir='ltr'><strong>non</strong></span> 
     </span>
     <span class='ocr_line' id='line_1_30' title="bbox 202 3344 1299 3430; baseline 0 -20"><span class='ocrx_word' id='word_1_237' title='bbox 202 3349 397 3426; x_wconf 86' lang='lat' dir='ltr'><strong>nominavit,</strong></span> <span class='ocrx_word' id='word_1_238' title='bbox 412 3348 467 3413; x_wconf 85' lang='lat' dir='ltr'><strong>vel</strong></span> <span class='ocrx_word' id='word_1_239' title='bbox 487 3349 531 3412; x_wconf 84' lang='lat' dir='ltr'><strong>in-</strong></span> <span class='ocrx_word' id='word_1_240' title='bbox 545 3347 765 3430; x_wconf 77' lang='lat' dir='ltr'><strong>siugularibus</strong></span> <span class='ocrx_word' id='word_1_241' title='bbox 789 3345 889 3412; x_wconf 86' lang='lat' dir='ltr'><strong>codd.</strong></span> <span class='ocrx_word' id='word_1_242' title='bbox 900 3345 1098 3430; x_wconf 86' lang='lat' dir='ltr'><strong>Campensis</strong></span> <span class='ocrx_word' id='word_1_243' title='bbox 1111 3352 1143 3412; x_wconf 91' lang='lat' dir='ltr'><strong>ot</strong></span> <span class='ocrx_word' id='word_1_244' title='bbox 1158 3344 1299 3412; x_wconf 84' lang='lat' dir='ltr'><strong>Cauchi-</strong></span> 
     </span>
     <span class='ocr_line' id='line_1_31' title="bbox 202 3446 1300 3517; baseline -0.003 -3"><span class='ocrx_word' id='word_1_245' title='bbox 202 3449 271 3514; x_wconf 91' lang='lat' dir='ltr'><strong>ani.</strong></span> <span class='ocrx_word' id='word_1_246' title='bbox 314 3449 382 3514; x_wconf 91' lang='lat' dir='ltr'><strong>Sed</strong></span> <span class='ocrx_word' id='word_1_247' title='bbox 396 3449 482 3517; x_wconf 89' lang='lat' dir='ltr'><strong>satis</strong></span> <span class='ocrx_word' id='word_1_248' title='bbox 496 3449 538 3514; x_wconf 88' lang='lat' dir='ltr'><strong>de</strong></span> <span class='ocrx_word' id='word_1_249' title='bbox 553 3447 656 3514; x_wconf 85' lang='lat' dir='ltr'><strong>Notis</strong></span> <span class='ocrx_word' id='word_1_250' title='bbox 670 3449 807 3514; x_wconf 89' lang='lat' dir='ltr'><strong>criticis.</strong></span> <span class='ocrx_word' id='word_1_251' title='bbox 851 3446 941 3512; x_wconf 88' lang='lat' dir='ltr'><strong>Nam</strong></span> <span class='ocrx_word' id='word_1_252' title='bbox 955 3447 996 3512; x_wconf 90' lang='lat' dir='ltr'><strong>de</strong></span> <span class='ocrx_word' id='word_1_253' title='bbox 1007 3448 1127 3512; x_wconf 91' lang='lat' dir='ltr'><strong>ceteris</strong></span> <span class='ocrx_word' id='word_1_254' title='bbox 1140 3446 1300 3512; x_wconf 87' lang='lat' dir='ltr'><strong>Editioni·</strong></span> 
     </span>
     <span class='ocr_line' id='line_1_32' title="bbox 202 3547 926 3637; baseline -0.003 -23"><span class='ocrx_word' id='word_1_255' title='bbox 202 3551 278 3627; x_wconf 87' lang='lat' dir='ltr'><strong>bus,</strong></span> <span class='ocrx_word' id='word_1_256' title='bbox 294 3568 380 3637; x_wconf 84' lang='lat' dir='ltr'><strong>quas</strong></span> <span class='ocrx_word' id='word_1_257' title='bbox 394 3550 557 3627; x_wconf 88' lang='lat' dir='ltr'><strong>consului,</strong></span> <span class='ocrx_word' id='word_1_258' title='bbox 571 3549 653 3622; x_wconf 73' lang='lat' dir='ltr'><strong>nillil</strong></span> <span class='ocrx_word' id='word_1_259' title='bbox 668 3550 791 3614; x_wconf 86' lang='lat' dir='ltr'><strong>attinet</strong></span> <span class='ocrx_word' id='word_1_260' title='bbox 805 3547 926 3614; x_wconf 90' lang='lat' dir='ltr'><strong>dicere.</strong></span> 
     </span>
    </p>

    <p class='ocr_par' dir='ltr' id='par_1_3' title="bbox 204 3648 1400 4244">
     <span class='ocr_line' id='line_1_33' title="bbox 247 3648 1301 3734; baseline -0.002 -18"><span class='ocrx_word' id='word_1_261' title='bbox 247 3650 399 3718; x_wconf 85' lang='lat' dir='ltr'><strong>Alterum</strong></span> <span class='ocrx_word' id='word_1_262' title='bbox 424 3669 527 3734; x_wconf 83' lang='lat' dir='ltr'><strong>genus</strong></span> <span class='ocrx_word' id='word_1_263' title='bbox 549 3653 819 3718; x_wconf 85' lang='lat' dir='ltr'><strong>observationum</strong></span> <span class='ocrx_word' id='word_1_264' title='bbox 842 3651 948 3716; x_wconf 90' lang='lat' dir='ltr'><strong>estin</strong></span> <span class='ocrx_word' id='word_1_265' title='bbox 971 3648 1242 3732; x_wconf 81' lang='lat' dir='ltr'><strong>Interpretatioue</strong></span> <span class='ocrx_word' id='word_1_266' title='bbox 1265 3656 1301 3714; x_wconf 88' lang='lat' dir='ltr'><strong>et</strong></span> 
     </span>
     <span class='ocr_line' id='line_1_34' title="bbox 205 3747 1301 3838; baseline -0.004 -18"><span class='ocrx_word' id='word_1_267' title='bbox 205 3773 305 3820; x_wconf 83' lang='lat' dir='ltr'><strong>seusu</strong></span> <span class='ocrx_word' id='word_1_268' title='bbox 330 3751 459 3818; x_wconf 82' lang='lat' dir='ltr'><strong>Valerii</strong></span> <span class='ocrx_word' id='word_1_269' title='bbox 488 3755 707 3838; x_wconf 88' lang='lat' dir='ltr'><strong>assequendo.</strong></span> <span class='ocrx_word' id='word_1_270' title='bbox 765 3755 802 3818; x_wconf 95' lang='lat' dir='ltr'><strong>ln</strong></span> <span class='ocrx_word' id='word_1_271' title='bbox 830 3773 898 3837; x_wconf 88' lang='lat' dir='ltr'><strong>quo</strong></span> <span class='ocrx_word' id='word_1_272' title='bbox 925 3751 1066 3818; x_wconf 88' lang='lat' dir='ltr'><strong>multum</strong></span> <span class='ocrx_word' id='word_1_273' title='bbox 1094 3747 1301 3820; x_wconf 83' lang='lat' dir='ltr'><strong>difficultatis</strong></span> 
     </span>
     <span class='ocr_line' id='line_1_35' title="bbox 205 3853 1301 3940; baseline -0.005 -20"><span class='ocrx_word' id='word_1_274' title='bbox 205 3875 300 3940; x_wconf 75' lang='lat' dir='ltr'><strong>sape</strong></span> <span class='ocrx_word' id='word_1_275' title='bbox 316 3855 546 3933; x_wconf 70' lang='lat' dir='ltr'><strong>animadverti,</strong></span> <span class='ocrx_word' id='word_1_276' title='bbox 561 3875 640 3920; x_wconf 91' lang='lat' dir='ltr'><strong>cum</strong></span> <span class='ocrx_word' id='word_1_277' title='bbox 654 3857 699 3920; x_wconf 90' lang='lat' dir='ltr'><strong>ob</strong></span> <span class='ocrx_word' id='word_1_278' title='bbox 710 3860 836 3922; x_wconf 86' lang='lat' dir='ltr'><strong>textum</strong></span> <span class='ocrx_word' id='word_1_279' title='bbox 849 3859 1050 3938; x_wconf 89' lang='lat' dir='ltr'><strong>corruptum,</strong></span> <span class='ocrx_word' id='word_1_280' title='bbox 1061 3859 1131 3917; x_wconf 90' lang='lat' dir='ltr'><strong>tum</strong></span> <span class='ocrx_word' id='word_1_281' title='bbox 1147 3853 1191 3916; x_wconf 90' lang='lat' dir='ltr'><strong>ob</strong></span> <span class='ocrx_word' id='word_1_282' title='bbox 1205 3870 1301 3933; x_wconf 77' lang='lat' dir='ltr'><strong>argu·</strong></span> 
     </span>
     <span class='ocr_line' id='line_1_36' title="bbox 204 3952 1302 4030; baseline -0.004 -8"><span class='ocrx_word' id='word_1_283' title='bbox 204 3965 274 4022; x_wconf 86' lang='lat' dir='ltr'><strong>tam</strong></span> <span class='ocrx_word' id='word_1_284' title='bbox 296 3956 424 4022; x_wconf 87' lang='lat' dir='ltr'><strong>Valerii</strong></span> <span class='ocrx_word' id='word_1_285' title='bbox 446 3957 635 4022; x_wconf 88' lang='lat' dir='ltr'><strong>dictionem.</strong></span> <span class='ocrx_word' id='word_1_286' title='bbox 680 3956 770 4022; x_wconf 88' lang='lat' dir='ltr'><strong>Nam</strong></span> <span class='ocrx_word' id='word_1_287' title='bbox 796 3956 936 4022; x_wconf 88' lang='lat' dir='ltr'><strong>cuilibet</strong></span> <span class='ocrx_word' id='word_1_288' title='bbox 963 3955 1031 4018; x_wconf 83' lang='lat' dir='ltr'><strong>iere</strong></span> <span class='ocrx_word' id='word_1_289' title='bbox 1057 3952 1222 4030; x_wconf 73' lang='lat' dir='ltr'><strong>Historiae</strong></span> <span class='ocrx_word' id='word_1_290' title='bbox 1245 3972 1302 4028; x_wconf 85' lang='lat' dir='ltr'><strong>as·</strong></span> 
     </span>
     <span class='ocr_line' id='line_1_37' title="bbox 206 4047 1400 4144; baseline -0.003 -20"><span class='ocrx_word' id='word_1_291' title='bbox 206 4065 347 4124; x_wconf 86' lang='lat' dir='ltr'><strong>suuntur</strong></span> <span class='ocrx_word' id='word_1_292' title='bbox 360 4066 469 4126; x_wconf 74' lang='lat' dir='ltr'><strong>acutae</strong></span> <span class='ocrx_word' id='word_1_293' title='bbox 484 4069 518 4127; x_wconf 90' lang='lat' dir='ltr'><strong>et</strong></span> <span class='ocrx_word' id='word_1_294' title='bbox 531 4058 661 4144; x_wconf 71' lang='lat' dir='ltr'><strong>frigidae</strong></span> <span class='ocrx_word' id='word_1_295' title='bbox 684 4077 777 4142; x_wconf 83' lang='lat' dir='ltr'><strong>saepe</strong></span> <span class='ocrx_word' id='word_1_296' title='bbox 793 4058 974 4134; x_wconf 87' lang='lat' dir='ltr'><strong>sententiae,</strong></span> <span class='ocrx_word' id='word_1_297' title='bbox 990 4055 1060 4134; x_wconf 91' lang='lat' dir='ltr'><strong>(ubi</strong></span> <span class='ocrx_word' id='word_1_298' title='bbox 1074 4074 1125 4120; x_wconf 80' lang='lat' dir='ltr'><strong>ern</strong></span> <span class='ocrx_word' id='word_1_299' title='bbox 1145 4055 1303 4120; x_wconf 89' lang='lat' dir='ltr'><strong>omittun·</strong></span> <span class='ocrx_word' id='word_1_300' title='bbox 1397 4047 1400 4054; x_wconf 48' lang='lat'><strong>¹</strong></span> 
     </span>
     <span class='ocr_line' id='line_1_38' title="bbox 207 4155 1302 4244; baseline -0.004 -20"><span class='ocrx_word' id='word_1_301' title='bbox 207 4165 268 4239; x_wconf 80' lang='lat' dir='ltr'><strong>tur,</strong></span> <span class='ocrx_word' id='word_1_302' title='bbox 287 4159 393 4226; x_wconf 89' lang='lat' dir='ltr'><strong>lector</strong></span> <span class='ocrx_word' id='word_1_303' title='bbox 407 4166 564 4240; x_wconf 89' lang='lat' dir='ltr'><strong>monetur,</strong></span> <span class='ocrx_word' id='word_1_304' title='bbox 588 4177 629 4228; x_wconf 88' lang='lat' dir='ltr'><strong>rr.</strong></span> <span class='ocrx_word' id='word_1_305' title='bbox 642 4159 675 4226; x_wconf 83' lang='lat'><strong>9.</strong></span> <span class='ocrx_word' id='word_1_306' title='bbox 691 4157 742 4244; x_wconf 80' lang='lat' dir='ltr'><strong>e.)</strong></span> <span class='ocrx_word' id='word_1_307' title='bbox 765 4178 906 4244; x_wconf 90' lang='lat' dir='ltr'><strong>quarum</strong></span> <span class='ocrx_word' id='word_1_308' title='bbox 932 4155 1071 4239; x_wconf 83' lang='lat' dir='ltr'><strong>singulae</strong></span> <span class='ocrx_word' id='word_1_309' title='bbox 1093 4157 1167 4240; x_wconf 86' lang='lat' dir='ltr'><strong>plus</strong></span> <span class='ocrx_word' id='word_1_310' title='bbox 1180 4156 1302 4240; x_wconf 79' lang='lat' dir='ltr'><strong>negotii</strong></span> 
     </span>
    </p>
   </div>
   <div class='ocr_carea' id='block_1_3' title="bbox 0 0 1543 4890">
    <p class='ocr_par' dir='ltr' id='par_1_4' title="bbox 0 0 1543 4890">
     <span class='ocr_line' id='line_1_39' title="bbox 0 0 1543 4890; baseline 0 0"><span class='ocrx_word' id='word_1_311' title='bbox 0 0 1543 4890; x_wconf 95' lang='lat' dir='ltr'><strong> </strong></span> 
     </span>
    </p>
   </div>
  </div>
 </body>
</html>
